2792 4742
332 695 404 765 270
444 664 1001 743 GenauaanTacrat

200 829 318 875 Ξ
332 793 436 868 ceteri
446 787 538 862 foeda
551 784 632 888 fugai
645 788 898 861 consternantur
911 815 919 860 ι
933 814 1005 863 non
1018 786 1104 867 ultra

200 898 235 946 Λ·
245 897 275 943 ⁰·
287 897 321 947 C·
333 894 472 969 Fidenas
485 888 604 963 secutis
616 887 810 963 victoribus.

226 980 293 1035 ⁸²²·
383 994 530 1067 LXXX.
539 993 592 1063 Eo
602 984 747 1063 successu
757 986 863 1063 studia
872 988 990 1090 populi
998 995 1106 1067 aneta:

222 1071 256 1211 δὲ
266 1070 298 1120 ⁰⁶
325 1094 452 1194 uulgus
463 1091 646 1166 Urbanum
659 1117 754 1163 arma
769 1090 869 1193 cepit.
884 1091 1000 1163 Paucis
1012 1090 1104 1167 scuta

255 1168 283 1220 9·
331 1192 519 1271 militarias
544 1191 682 1295 plures,
707 1193 834 1292 raptis,
858 1190 954 1289 quod
981 1194 1104 1292 cuique

329 1296 500 1383 obvium,
520 1293 621 1381 telis,
640 1291 803 1391 «signum
826 1319 974 1395 pugnaen
991 1293 1106 1393 expos·

329 1420 424 1472 cunt.
440 1395 532 1497 ¹Agit
548 1419 657 1496 grates
669 1392 855 1481 Vitellius,
871 1404 906 1467 δε
922 1392 994 1467 aad
1008 1419 1105 1468 tuen-

329 1498 443 1571 adam
454 1495 592 1569 Urbem
609 1521 859 1597 prorumperes
872 1494 978 1595 jubet.
1015 1495 1104 1569 Mox

320 1622 453 1673 ·vocaro
467 1594 607 1684 senatu,
632 1595 830 1696 deliguntur
844 1594 947 1697 legari
960 1594 1005 1668 ad
1017 1622 1105 1669 exer-

230 1721 233 1725 ·
331 1701 418 1772 citus
432 1754 443 1787 ‚
456 1723 495 1771 ut
506 1722 664 1801 praetexto
680 1696 871 1798 reipublicae
885 1696 1104 1771 concordiam

331 1826 522 1903 pacemque
549 1796 738 1873 suaderent.
779 1798 885 1875 Varia
912 1797 1103 1899 legatorum

332 1900 404 1976 sors
416 1899 492 1974 fuit.
507 1900 580 1995 Qui
590 1898 712 1975 Petilio
726 1897 857 1974 Ceriali
869 1922 1082 1973 occurrerant
1091 1953 1105 1987 ,
1181 1926 1184 1931 ·

329 2028 525 2076 extremum
542 1999 725 2074 discrimen
746 2001 884 2090 adiere,
907 1998 1105 2100 aspernante

330 2102 444 2176 milite
462 2101 675 2175 conditiones
686 2099 796 2201 pacis:
813 2101 1008 2175 vulneratur
1021 2127 1104 2202 prte-

330 2226 386 2275 tor
408 2201 578 2277 Arulenus
602 2202 783 2276 Rusticus:
807 2200 1105 2289 auxitinvidiam,

329 2300 1106 2405 superviolatumlegatipratorisquenomen,

329 2401 465 2514 propria
484 2400 638 2498 dignatio
654 2398 742 2469 viri:
765 2397 920 2497 palantur
937 2399 1082 2473 comites
1090 2431 1109 2475 -t

330 2498 497 2574 occiditur
512 2497 684 2598 proximus
696 2495 822 2587 liuor,
845 2497 1022 2573 dimovere
1039 2524 1108 2573 tur-

329 2602 414 2677 bam
436 2597 557 2695 ausus3
581 2608 640 2686 δέ,
663 2596 701 2669 ni
721 2596 802 2671 dato
817 2627 838 2671 a
854 2597 940 2672 duce
953 2598 1107 2701 prasidio
1142 2664 1145 2669 .

332 2700 464 2775 defenfi
476 2698 603 2783 forent,
613 2694 744 2768 sacrum
759 2699 864 2769 etiam
876 2700 966 2770 inter
978 2724 1109 2775 exteras

331 2824 452 2902 gentes
477 2797 668 2895 legatorum
693 2801 770 2891 jus,
798 2818 876 2868 ante
899 2794 968 2897 ipsa
992 2802 1107 2899 patriae

272 2935 276 2941 ¹
330 2899 489 2988 moenia,
513 2893 618 2970 civilis
642 2891 751 2971 rabies
773 2894 877 2998 usque
899 2897 937 2970 in
962 2900 1107 2976 exitium

332 2996 537 3087 temeralset.
573 2996 792 3096 AEquioribus
823 2998 946 3073 animis
978 3003 1109 3101 accepti

331 3100 436 3190 sunt,
458 3101 519 3201 qui
540 3099 583 3173 ad
603 3096 798 3175 Antonium
819 3126 1006 3191 venerant,
1033 3130 1105 3185 non

330 3204 414 3305 quia
427 3202 609 3277 modestior
625 3200 749 3293 miles,
767 3200 827 3277 sed
843 3204 921 3277 duci
935 3200 1010 3303 plus
1023 3229 1105 3278 auc·

333 3328 490 3380 totitatis.

384 3402 549 3493 LXXXI,
558 3403 782 3476 Mtscuaan
798 3397 832 3473 se
851 3399 969 3500 legatis
984 3400 1107 3477 Muso·

330 3505 409 3579 nius
428 3503 563 3594 Rufus,
590 3501 750 3603 equestris
774 3500 930 3592 ordinis,
957 3502 1106 3578 studium

331 3606 579 3711 philosophie,
602 3615 639 3681 δι
654 3604 778 3707 placita
795 3602 986 3681 Stoicorum
1000 3630 1111 3693 strnue
