2792 4742
322 658 388 748 368
435 639 769 730 (deorumn
798 647 987 722 Tacrrr

189 808 305 854 ξ
320 773 408 846 data.
435 768 591 845 Oraba'ut
614 769 777 845 auxilium
792 765 1059 870 Agrippinenses
1074 795 1089 867 ς

190 872 261 920 Ᾰϋ
274 869 305 918 C·
319 871 574 969 offerebantque
601 899 744 946 uxorem
766 898 813 949 ,ac
840 867 992 942 sororem
1025 872 1090 942 Ci-

216 957 281 1022 823·
320 972 419 1059 vius,
442 971 792 1059 arilianensis,
818 968 934 1042 serua
952 967 1014 1042 ru
1061 972 1090 1041 r.

206 1045 231 1094 ³'
243 1045 291 1180 OC·
320 1097 425 1175 gnota
437 1070 616 1146 societatis.
635 1071 754 1170 Atque
775 1070 915 1143 interim
928 999 1091 1170 dispersos

223 1142 273 1196 ⁷⁰
316 1175 353 1246 in
383 1171 544 1260 domibus
592 1176 783 1246 Germanos
826 1169 1090 1245 trucidaverant.

316 1271 422 1345 Unde
445 1299 557 1348 metus
577 1329 590 1362 ,
616 1285 652 1348 δι
675 1274 764 1372 justu
787 1297 901 1372 preces
924 1271 1091 1344 invocan-

318 1374 433 1460 tium,
455 1399 640 1473 antequam
668 1373 806 1458 hostes,
829 1371 986 1472 repatatis
1010 1371 1092 1444 viri·

319 1472 408 1560 bus,
431 1472 507 1546 ads
526 1503 604 1562 em,
626 1473 681 1546 vel
695 1472 739 1546 ad
755 1470 922 1544 ultionem
938 1471 1093 1573 accinge-

321 1596 448 1648 rentur.
471 1505 631 1672 Niimque
650 1583 685 1646 &
704 1571 826 1646 Civilis
840 1570 920 1645 illuc
934 1572 1092 1646 intende-

312 1697 397 1760 rat,
438 1701 509 1746 non
535 1673 730 1762 invaliduS,
763 1670 1010 1775 flagrantissimi
1034 1701 1093 1745 co-

314 1773 474 1847 hortium
497 1773 628 1868 suarum
644 1771 800 1876 integri,
819 1800 892 1871 quae
912 1773 1092 1848 eChaucis

321 1871 494 1974 Frifiisque
519 1874 726 1978 composita,
750 1872 931 1962 Tolbiaci,
955 1875 993 1945 in
1011 1875 1093 1945 fini-

254 1971 258 1978 ’
321 1975 385 2047 bus
399 1973 698 2077 Agrippinensium
716 2032 728 2064 ‚
749 2003 767 2046 a
792 1973 880 2047 ebat.
901 1974 972 2048 Sed
994 1975 1092 2048 tristis

321 2074 460 2146 nuntius
490 2077 641 2164 avertit,
682 2108 703 2138 ec
728 2004 878 2148 deletam
914 2077 1093 2147 cohortem

321 2173 432 2246 odolo
445 2173 744 2276 Agrippinensium
760 2210 781 2240 n
798 2205 806 2246 ι
823 2176 883 2274 qui
896 2173 996 2277 largis
1009 2203 1103 2274 epus

322 2275 364 2349 lis
390 2276 540 2374 vinoque
566 2274 690 2374 sopitos
717 2279 938 2362 Germanos,
977 2273 1096 2349 claufis

322 2370 477 2460 foribus,
495 2377 575 2472 igne
596 2376 742 2471 injesto,
757 2397 960 2444 cremavere.
985 2374 1095 2448 Simul

323 2470 470 2565 Cerialis
494 2497 637 2574 propero
664 2471 802 2573 agmine
827 2469 993 2546 subvenit.
1012 2477 1094 2547 Cit-

324 2573 538 2646 cumsteterar
561 2571 715 2646 Civilem
731 2582 765 2646 &
786 2571 870 2644 alius
892 2599 1026 2663 metus,
1048 2604 1095 2650 ne

324 2675 578 2770 quartadecima
593 2673 705 2771 legio,
728 2672 884 2766 adjunstd
899 2674 1094 2748 Britannici

246 2839 247 2844 ,
322 2765 443 2855 classe,
470 2769 655 2841 adfliclaret
677 2771 841 2857 Batavos,
865 2769 932 2867 qud
948 2775 1102 2849 Oceano.

321 2866 528 2941 ambiuntur.
554 2867 621 2942 Sed
648 2866 847 2966 legionem,
872 2874 1016 2944 terrestri
1039 2877 1095 2948 iti-

322 2993 429 3056 nere,
457 2967 576 3042 Fabius
596 2966 722 3042 Priscus
744 2968 873 3071 legatus
889 2971 925 3042 in
951 2975 1093 3049 Nervios

324 3065 551 3168 Tungrosque
565 3071 671 3144 duxit.
687 3073 807 3170 Fasque
822 3073 972 3146 civitates
985 3076 1021 3146 in
1035 3076 1094 3149 de·

324 3170 496 3245 ditionem
517 3200 593 3245 acce
619 3198 659 3245 tae
680 3199 688 3242 r
710 3169 845 3245 classem
860 3171 950 3244 ultro
965 3177 1092 3247 Canni-

324 3267 454 3346 nefates
472 3201 728 3372 adgressisunr3
751 3282 926 3369 majorque
946 3302 1018 3373 pars
1037 3305 1093 3350 ua·

321 3374 420 3448 ¹vium
438 3370 461 3444 d
506 3369 609 3462 ressa,
632 3395 688 3444 aut
705 3396 809 3471 capta
830 3374 872 3442 Et
888 3373 1094 3452 Nerviorum

326 3399 585 3548 multituiiinem
610 3528 621 3561 ,
650 3471 768 3574 sponte
791 3497 1028 3564 commotam,
1055 3497 1093 3552 ut

317 3595 387 3671 ‘pro
410 3575 576 3652 Romanis
597 3573 729 3652 bellum
750 3569 953 3681 capesseret,
982 3576 1092 3682 fidens
