2792 4742
342 617 417 689 ‚512
484 594 534 665 Iu
562 590 744 664 Lrsnurt
774 615 993 685 nutarunt

346 705 427 772 noxii
443 728 532 770 etant.
546 709 614 769 Inde
626 710 751 771 laudatus
765 710 846 773 Otho
857 711 988 786 Vaenius,
1022 711 1126 788 istor-fi

346 796 411 850 artis
424 788 471 850 sua
486 787 560 848 saml
576 790 678 849 nobilis
691 837 700 865 ,
719 797 747 849 &
760 789 893 871 discipulo
904 790 955 851 suo
966 734 1039 850 Pil.
1050 790 1116 851 Ru-

348 870 415 929 Bens
432 866 629 952 nobilissimus,
647 872 792 945 materiam
805 869 915 949 sumpsit
925 870 982 929 hoc
990 862 1121 931 Batavo,-

344 969 407 1009 rum
430 967 490 1006 cum
513 945 650 1009 Romanis
670 948 767 1010 bellum
784 964 796 1025 ',
825 948 884 1009 fusi
910 971 927 1009 a
952 949 1053 1009 Tacito
1083 950 1117 1007 in

346 1024 535 1087 Historiarum
553 1027 628 1087 libris
646 1026 692 1090 lV
710 1036 737 1089 &
758 1026 788 1091 V
807 1027 992 1109 descriptum,
1012 1026 1115 1087 tabulis

349 1108 461 1187 triginta
472 1104 516 1163 sex
528 1127 560 1165 ex
584 1107 718 1182 timendi,
732 1128 800 1191 quas
809 1107 949 1167 Antonius
960 1106 1121 1187 Tempcsta

347 1205 401 1244 are
416 1184 524 1243 incidit.
541 1128 606 1245 Illas
617 1184 637 1243 fi
648 1184 818 1265 inspexerint
829 1194 857 1247 &
869 1208 934 1247 cum
945 1186 1039 1245 Taciti
1051 1204 1119 1243 nar-

317 1314 322 1325 .
349 1266 456 1323 rarione
467 1265 634 1324 contulerint
643 1268 694 1325 viri
705 1268 806 1343 artium
815 1266 1010 1348 literarumque
1021 1266 1120 1343 periti,

350 1362 440 1402 artem
452 1343 566 1426 quidem
576 1341 702 1403 Othonis
708 1338 800 1407 Vaenii
810 1344 975 1423 laudabunt,
986 1342 1121 1420 Tacitum

351 1419 420 1483 veri>
432 1420 608 1502 summopere
622 1421 789 1503 suspicient,
805 1431 832 1483 &
851 1424 929 1506 quod
946 1422 1039 1482 multis
1056 1423 1120 1481 aliis

352 1504 524 1583 argumentis
541 1500 718 1561 manifestum
729 1548 741 1576 „
758 1522 840 1585 atque
856 1524 905 1563 ore
920 1504 1048 1567 omnium
1059 1502 1120 1578 jan

351 1581 547 1661 pervulgatum
557 1581 614 1655 est,
629 1602 693 1639 eum
705 1583 853 1641 maximum
868 1580 1046 1661 antiquitatis
1056 1580 1121 1655 pic-

351 1677 437 1718 torem
451 1657 648 1739 predicabant.
675 1658 806 1734 Vatniani
824 1678 916 1721 autem
934 1662 1044 1741 operis,
1063 1680 1121 1739 pro

353 1735 401 1797 sus
413 1735 599 1811 humanitate,
617 1745 645 1797 &
654 1738 793 1799 immensis
804 1784 813 1815 ,
829 1739 928 1821 quibus
940 1742 971 1799 in
983 1739 1038 1799 hoc
1047 1758 1121 1818 pra-

354 1816 501 1876 clariffimo
512 1819 611 1877 artium
622 1816 726 1900 genere
737 1819 866 1879 exuberat
874 1818 993 1901 opibus,
1007 1820 1121 1897 coplam

354 1898 436 1955 nobis
446 1895 520 1957 fecit.
531 1894 577 1957 Cl.
589 1893 799 1975 Marietterhac
812 1901 841 1959 in
852 1920 898 1973 re,
908 1917 937 1958 ut
946 1900 977 1957 in
987 1898 1046 1958 aliis
1059 1896 1127 1978 pin

355 1976 456 2049 rimis,
474 1975 509 2035 de
523 1976 622 2038 nostris
637 1976 730 2037 studiis
745 1973 856 2058 optimi.
867 1980 989 2039 meritus.
1125 2048 1127 2057 Ι

396 2052 452 2115 Per
469 2052 663 2115 Britanniam.
691 2054 766 2133 Vide
784 2054 858 2116 Hist.
875 2058 904 2116 II
913 2104 922 2133 ,
942 2079 989 2135 27.
1012 2061 1040 2113 &
1060 2052 1123 2118 Vir.

356 2134 457 2216 Agric.
472 2133 547 2214 Cap.
566 2138 641 2194 18&
659 2142 706 2213 36.

396 2210 484 2274 Arma
500 2212 626 2294 equosque
643 2215 776 2276 retinens.
802 2213 915 2294 Nempe
929 2210 1123 2295 patr'ionandi

355 2290 461 2365 usu,se
482 2313 518 2351 ue
532 2299 559 2351 &
571 2314 650 2353 arma
661 2302 788 2378 &equos
802 2294 973 2366 retinebant,
990 2312 1019 2351 ut
1028 2294 1125 2351 videre

357 2374 398 2442 est
417 2374 448 2429 in
462 2314 528 2433 l'it.
549 2371 648 2453 Agric.
671 2373 747 2454 Cap.·
769 2380 803 2433 18
815 2420 832 2449 ,¹
844 2370 1006 2467 integrisque
1024 2372 1126 2429 turmi's

355 2449 487 2511 Rhentun
496 2470 607 2531 perrum
630 2451 722 2514 ebant.
740 2454 804 2528 Sic,
818 2447 1112 2527 HadrrauoPrincipev

358 2532 464 2669 illi?
480 2530 710 2690 {lisinii}
727 2530 1019 2689 irliislbia'gniil
1033 2544 1057 2586 Π

465 2654 477 2682 a
839 2656 848 2684 r
927 2650 936 2667 ·
1012 2647 1021 2665 ⁸

398 2686 587 2762 Perrumpere.
605 2689 703 2746 Suetus
715 2706 905 2765 perrumpere.

398 2838 476 2900 Cur.
492 2839 575 2898 XIII.
593 2835 729 2899 Claudius
744 2835 852 2899 Civilis.
874 2837 964 2904 tutius
975 2838 1125 2905 Paullus&

360 2918 495 2981 Claudius
521 2919 643 2995 Civilis,
666 2912 789 2995 fratr'es3
820 2938 850 2977 ut
876 2919 1028 2980 videbimus
1055 2920 1127 2982 insti

361 2999 436 3080 Cap.
451 2998 505 3076 32.
516 3000 613 3061 Civilis
629 3012 721 3059 aurem
739 2998 892 3099 apoellatus
910 3002 948 3057 est
965 2998 1054 3063 Julius
1071 3000 1127 3059 Ci-

362 3081 423 3139 vilis
436 3075 516 3159 suprl
525 3078 638 3153 Hist.I,
650 3097 695 3152 59.
709 3074 793 3137 Forte
805 3077 880 3159 quod
890 3078 979 3144 Julius
989 3078 1124 3139 Claudius

362 3158 462 3220 Civilis
477 3156 630 3219 diceretur:
650 3155 696 3218 hle
711 3164 776 3217 vero
793 3159 926 3219 omittitur
937 3156 1025 3224 Julius
1034 3202 1044 3231 ,
1060 3160 1128 3239 quia

362 3240 419 3317 jain
432 3240 589 3299 nominatus
600 3237 689 3305 Julius
702 3235 823 3297 Paullus.

403 3314 534 3396 Fonteius
547 3316 656 3390 Capito.
677 3315 837 3379 Germaniae
848 3313 986 3377 Inferioris
1001 3315 1106 3397 legatus
1114 3315 1129 3399 ,'

363 3395 400 3457 tle
434 3394 738 3471 uosuriHist.1‚7.

402 3418 495 3536 saliit.
542 3475 671 3540 ideHist.
689 3475 739 3551 ΙΙ,
762 3492 813 3549 59.

404 3550 660 3642 Delouestatuento.
678 3554 786 3651 (Japttu
798 3575 855 3619 uno
867 3554 960 3619 oculo.
978 3553 1025 3617 De
1035 3549 1125 3638 Hans
