2792 4742
308 652 382 717 ²24
425 622 966 715 C.Conuur11Tncrrr

179 780 295 823 a
308 741 484 849 gulisque,
511 754 547 820 δε
573 741 701 819 facibus
725 770 990 849 propugnatores
1014 742 1078 820 de-

178 847 250 942 *ju
265 848 296 896 C·
309 846 457 921 turbant.
571 899 574 904 ,
1061 883 1066 895 ²

204 938 273 995 ⁸²²⁹
299 939 305 949 ’
357 947 492 1021 ΧΧΧΙ.
515 946 610 1024 JAM
635 945 787 1047 legiones
808 948 845 1018 in
870 945 1085 1021 testudinem*

201 1032 226 1081 ³'
241 1032 275 1084 C·
308 1045 613 1149 glomerabantur,
642 1058 677 1122 &
696 1047 754 1119 alii
774 1045 849 1121 saxa
861 1046 1005 1146 ⁴telaque
1026 1048 1079 1121 in·

215 1121 262 1184 ⁴⁹⁰
307 1146 514 1237 cutiebant‚
544 1146 624 1220 cum
653 1145 866 1249 languescere
900 1146 1077 1249 paullatim

293 1246 576 1324 Vitellianorum
590 1248 708 1320 animi.
736 1251 787 1321 Ut
802 1246 945 1348 quisque
957 1246 1079 1321 ordine

306 1348 483 1437 anteibat,
501 1349 622 1423 cedere
637 1344 798 1421 forumae:
818 1376 884 1437 ne,
900 1346 1079 1422 Cremond

307 1476 447 1549 quoque
472 1448 604 1538 excisi,
630 1449 724 1525 nulla
743 1448 831 1522 ultrd
854 1449 975 1537 venia,
1001 1476 1080 1521 onr-

308 1547 428 1648 nisque
441 1550 493 1621 ira
505 1543 640 1623 vidoris
654 1608 665 1639 ,
687 1576 758 1624 non
772 1550 808 1622 in
822 1547 941 1651 vulgus
956 1550 1054 1650 inops
1068 1578 1081 1638 ‚·

306 1647 418 1726 sedin
434 1650 588 1724 tribunos
603 1647 908 1750 centurionesque,
928 1649 988 1722 ubi
1004 1676 1082 1751 pre-

309 1752 399 1823 tium
415 1751 514 1844 credis
530 1775 601 1826 erat
614 1776 886 1847 ,peterteretun
899 1750 1081 1851 Gregorius

307 1852 438 1941 miles,
459 1850 566 1929 futuri
584 1850 723 1943 socors,
743 1864 779 1928 δε
798 1850 1013 1955 ignobilitate
1028 1875 1083 1923 tu-

309 1952 398 2040 tior,
410 1953 594 2051 perstabat:
611 1956 689 2055 vagi
700 1979 759 2053 per
771 1952 859 2043 vias,
873 1954 909 2026 in
921 1950 1083 2037 domibus

309 2052 420 2124 abditi
436 2110 448 2140 ,
470 2080 589 2153 pacem
604 2080 648 2125 ne
665 2079 742 2125 tum
758 2054 901 2152 quidem
917 2054 1081 2140 orabant,

310 2151 394 2224 crim
404 2151 536 2226 bellum
552 2150 743 2254 posuissent.
777 2154 945 2228 Primores
961 2155 1083 2225 castro-

309 2279 421 2342 rum,
459 2282 589 2327 nomen
619 2281 722 2353 atque
750 2254 916 2354 imagines
946 2251 1084 2327 Vitellii

310 2353 537 2426 amoliuntur:
554 2377 686 2425 catenas
702 2354 844 2423 Caecinae
860 2353 1081 2446 (nemetiam
1131 2366 1134 2371 ’

311 2476 387 2525 tum
406 2453 536 2523 vinetus
550 2455 646 2546 erat)
669 2448 866 2541 exsolvunt,
890 2476 1083 2553 orantque,

315 2585 336 2616 ι
348 2574 385 2623 ut
403 2549 504 2625 causae
518 2549 583 2626 suae
600 2550 799 2653 deprecator
817 2550 996 2629 adsistatx:
1017 2553 1083 2627 As-

310 2679 516 2750 pernantem
531 2678 818 2750 tumentemque,
841 2652 987 2726 lacrimis
1003 2652 1083 2729 fati-

310 2775 405 2851 gant.
430 2755 629 2824 Extremum
643 2750 903 2839 malorum,tot.
914 2750 1082 2835 fortissimi

310 2850 397 2937 viri,
420 2850 601 2948 proditoris
625 2876 729 2952 opem
756 2850 975 2925 invocantes:
1001 2880 1083 2930 mox

309 2948 504 3023 velamenta
514 2961 549 3026 δε
560 2948 702 3041 infulas,
717 2977 778 3051 pro
787 2952 892 3027 muris
905 2953 1081 3031 ostentant.

313 3048 409 3123 Cum
424 3049 596 3126 Antonius
616 3052 794 3128 «urbiberi
811 3052 908 3127 tela»
924 3053 1082 3153 Juffilset,

310 3150 406 3251 signa
419 3150 613 3251 aquilasque
631 3153 805 3232 extulere:
827 3158 975 3228 maestum
992 3154 1084 3228 iner-

312 3254 424 3323 mium
442 3281 592 3357 agmep,
614 3252 754 3353 dejedlis
767 3257 804 3327 in
819 3280 943 3327 terram
956 3255 1082 3346 oculis,

312 3349 523 3455 sequebatur.
550 3350 846 3446 Circumstiterant
859 3355 1026 3442 nidores,
1046 3368 1082 3433 &

299 3455 426 3550 ,primii
455 3454 657 3558 ingerebant
685 3451 840 3559 probra,
867 3454 1083 3537 intentabant
