2792 4742
331 604 399 671 108
447 594 772 669 (200¹ther
803 592 985 666 Tncrrr

196 716 488 821 zffipromiffis
513 737 729 814 corruperat,
756 738 851 787 mate
877 712 913 785 in
939 711 1104 786 reditura

197 810 230 863 Α·
241 814 272 860 ⁰·
286 814 315 863 0
326 847 364 892 ac
380 818 415 889 vi
430 814 666 914 tempestatum
679 813 859 909 Cythnum
873 742 1019 885 inlulam
1035 812 1112 901 de-‚

226 896 293 950 ⁸²²’
326 914 454 1003 trusus,
478 924 514 987 δε
534 912 685 985 militum
707 910 873 1010 quosdam
891 940 932 987 ex
947 913 1102 987 Oriente

213 986 290 1129 ’ᾆξ’
325 1013 594 1091 commeantium
624 1008 791 1101 adscivit,
822 1011 878 1085 vel
908 1012 1103 1087 abnuentes

265 1100 285 1141 '⁹
322 1113 468 1191 interfici
478 1112 587 1212 jullit,
601 1109 794 1213 &spoliaris
805 1112 1103 1213 negotiatoribus,

318 1215 571 1315 mancipiorum
580 1210 843 1287 valentissitnum
855 1240 1033 1313 quemque
1046 1240 1103 1286 ar-

319 1316 438 1389 mavit.
457 1314 779 1412 Centurionemque
796 1310 971 1386 Sisennam
984 1342 1001 1401 ,¹
1017 1312 1102 1395 dex·
1153 1360 1158 1367 ·

321 1442 408 1505 tras,
421 1415 610 1487 concordia
621 1412 784 1515 infignia,
798 1414 921 1510 Syriaci
932 1412 1106 1487 exercitiis

318 1517 465 1589 nomine
483 1516 527 1587 ad
543 1510 974 1616 ptaetorianosfetentem,
997 1516 1101 1588 variis

322 1616 449 1689 artibus
457 1615 501 1686 ad
526 1611 628 1688 reffus
636 1616 697 1687 est:
710 1613 821 1689 donec
832 1613 990 1702 Sisenna,
1007 1612 1101 1687 clam
1130 1627 1138 1636 '

321 1714 439 1788 aeliae
453 1642 583 1804 inille,
610 1713 761 1815 trepidus
785 1716 916 1789 &vim
941 1736 1102 1789 metuens
1129 1802 1132 1807 ¹
1225 1782 1229 1789 .

321 1811 522 1917 aufugerett
547 1814 630 1889 inde
657 1816 723 1887 late
750 1840 883 1904 terror,
911 1813 1029 1887 multis
1055 1814 1103 1887 ad

321 1912 558 1990 celebritatem
571 1916 723 1992 nominis
737 1916 879 2003 erectis,
902 1940 1019 1987 rerum
1035 1942 1103 1987 no·

321 2042 442 2117 vprum
456 2015 639 2113 cupidine,
663 2025 700 2086 &
715 2015 797 2090 odio
810 2011 1041 2111 praesentium.
1101 2037 1107 2053 ¹
1127 2018 1131 2025 ’

374 2114 436 2183 ΙΧ.
460 2116 691 2183 Grrscrurrn
713 2112 752 2183 in
773 2111 846 2183 'dies
869 2108 1000 2183 famam
1028 2112 1106 2187 fors

315 2207 476 2283 'disculfit
501 2209 675 2282 Galatiam
696 2238 736 2283 ac
757 2210 994 2311 Pamphyliam
1019 2234 1110 2313 proi

317 2310 474 2396 vincias,
498 2308 694 2405 Calpurnio
721 2309 903 2408 Asprenati
907 2314 1102 2482 &effendas
1124 2316 1129 2323 ’

318 2405 431 2477 Galba
440 2403 655 2505 permiserat:
667 2405 754 2477 datae
766 2434 786 2479 e
799 2406 898 2481 classe
956 2410 962 2422 ’
982 2413 1101 2485 enenli

316 2500 392 2573 duae
421 2503 578 2577 triremes
605 2501 650 2575 ad
679 2503 987 2607 prosequendum,
1017 2540 1100 2603 curn

313 2600 441 2769 putribus
456 2602 638 2696 Cythnum
650 2604 798 2678 insulam
813 2611 934 2683 tenuit.
949 2612 1026 2684 Nec
1038 2604 1103 2687 de·

354 2724 435 2783 ere,
463 2701 524 2795 qui
548 2702 753 2773 trierarchos
779 2709 924 2779 nomine
948 2710 1102 2785 Neronis

311 2794 481 2868 accirent:
495 2797 524 2865 is
542 2796 580 2865 in
598 2799 790 2871 maestitiam
804 2808 883 2875 corn
932 2804 1039 2898 fitur,
1059 2822 1103 2885 &¹

316 2890 453 2965 «fidem
468 2890 607 2993 suorum
631 2900 814 2997 quondam
837 2906 889 2977 mi
904 2907 993 2979 'turn
1003 2944 1025 2975 a
1042 2912 1100 2983 in-

309 3016 458 3077 vocans,
485 3022 509 3054 c
519 3016 559 3065 ut
574 3022 659 3068 eum
674 2999 714 3071 in
726 3001 849 3096 Syriai,
875 3032 935 3081 aut
949 3011 1098 3113 AEgypto

306 3087 512 3162 afistetent»
528 3095 663 3171 orabat.
689 3102 891 3178 Trierarchi
911 3132 1093 3200 nutantes,

306 3185 488 3300 seudolo,
508 3194 786 3296 «adloquendos
801 3204 871 3293 fibi·
881 3209 1032 3297 milites,
1055 3222 1095 3285 &

304 3310 454 3385 »paratis
467 3294 633 3365 omnium
652 3299 781 3372 animis
793 3304 1016 3380 reversuros»
1032 3308 1099 3380 fir-‘

304 3408 491 3457 moverunt.
520 3390 591 3459 Sed
611 3391 800 3492 Asprenati
817 3414 938 3479 cuneta
956 3434 997 3479 ex
1018 3407 1094 3482 fide·

298 3483 479 3555 nonnata:
503 3495 601 3586 cujus
627 3494 873 3581 cohortatione
895 3534 1088 3611 expugnata
