2792 4742
344 705 411 797 55⁸
480 690 740 767 annrrrnrurr
767 692 873 766 Lrnrr'r
899 687 989 771 XCI

343 812 368 888 fi
392 816 577 900 traheretur
597 812 752 889 bellum:
777 815 885 903 hosti,
913 812 991 887 crrm
1013 838 1121 896 mare.

343 915 386 989 ab
401 941 495 1016 tergo
507 913 760 1015 provinciasque
772 940 890 989 omnes
900 914 936 986 in
948 915 1122 1015 potestate·

343 1016 515 1103 haberet,
548 1014 687 1087 navibus
716 1014 866 1113 undique
898 1038 1119 1103 commeatur

343 1140 520 1189 venturos:
541 1114 600 1215 ipfi
614 1138 755 1201 autem,
779 1112 984 1217 consumptis
1000 1114 1122 1214 priore

343 1217 471 1303 astare,
492 1242 565 1311 quae
577 1241 641 1312 prae
665 1236 756 1285 arara
768 1206 931 1301 fuiffent,
954 1214 1122 1286 omnium·

341 1340 455 1386 rerum
468 1315 618 1413 inopiam
631 1243 705 1386 [gre
719 1343 726 1384 :
744 1315 948 1413 Perpernam
963 1315 999 1385 in
1013 1306 1119 1385 mari-

342 1412 467 1487 timam
481 1414 656 1514 regionem
672 1410 931 1511 superventurum
947 1462 961 1497 ,
991 1438 1031 1485 ur
1051 1440 1118 1504 ea,

344 1541 418 1611 quae
442 1513 573 1613 integra
596 1512 731 1600 adhuc,
762 1512 804 1583 ab
830 1512 928 1585 hostis
954 1520 987 1586 νὶ
1012 1514 1115 1586 tutari

345 1608 476 1713 posset,
496 1622 551 1697 &‚
572 1608 595 1681 fi
608 1639 675 1708 qua
687 1608 815 1682 occafio
829 1612 948 1697 detur,
963 1612 1118 1685 incautos

346 1737 406 1810 per
429 1734 562 1808 tempus
585 1708 824 1808 adgreffurrrm.
858 1709 930 1811 lpse
954 1736 1033 1783 cum
1055 1710 1117 1783 suo

348 1810 497 1883 exercitu
521 1809 710 1883 Hiberones
741 1818 776 1882 &
800 1808 1005 1883 A'uralcones
1035 1838 1117 1911 pro-

237 1965 242 1982 „
349 1908 447 2009 gredi
458 1910 589 1999 statuit,
608 1908 761 2007 aquibus
772 1918 914 2008 gratiam
930 1915 1122 2005 querebatur

237 2007 242 2057 ἶ
349 2007 518 2102 infamem
545 2040 553 2081 r
589 2008 668 2083 cram
708 2034 807 2104 nuper
841 2032 1120 2111 oppugnarentur

348 2108 589 2182 Celtiberorum
600 2109 698 2181 urbes
710 2108 920 2209 imploratam
932 2110 1000 2183 esse
1011 2136 1118 2207 opem

332 2212 564 2297 abMeaeln,
589 2206 762 2307 miffosque
775 2210 834 2307 qui
849 2210 968 2283 itinera
988 2211 1120 2282 exerci-

349 2309 399 2379 tui
422 2311 581 2382 Romano
607 2310 841 2385 monstrarent.
885 2314 992 2399 Quam
1009 2314 1119 2404 perfi-

348 2411 437 2477 diam
459 2414 561 2477 ulrum
582 2414 627 2479 ire
647 2412 776 2480 volebat
791 2405 975 2491 Sertorius,
1002 2406 1039 2477 ur
1057 2416 1120 2481 in-

338 2508 431 2606 figni
458 2513 603 2604 exemplo
633 2532 807 2578 ceterorum
825 2510 926 2603 fidem
952 2512 1120 2584 retinerer.

346 2610 432 2680 Illos
448 2613 520 2679 cram
529 2610 727 2707 prostagirir'
738 2615 905 2706 gravitate
921 2606 1117 2704 mulc‘laffec,

347 2713 450 2779 variis
466 2709 653 2799 distrahitur
667 2714 751 2776 curis
762 2757 776 2790 ,
792 2711 961 2805 ambiguus
975 2711 1115 2802 qudnam

346 2807 464 2873 bellum
483 2826 614 2889 vertar,
633 2826 738 2871 urnam
753 2806 844 2895 fidos
865 2810 1034 2877 Romanis
1049 2834 1112 2903 po-

340 2905 440 3001 pulos
464 2907 554 2972 incur
568 2924 600 2972 er
611 2953 626 2987 ,
649 2901 904 2975 maritimamne
929 2930 1049 2993 oram,
1079 2930 1117 2978 ut

347 3002 546 3102 Pompeium
569 3000 611 3073 ab
636 2999 820 3073 Ilercaonia
842 3012 878 3076 &
892 2999 1118 3094 ‘Contestania

348 3126 482 3190 arceat,
507 3100 648 3199 utraque
664 3099 752 3173 socia
790 3120 893 3189 ente,
917 3130 959 3175 an
979 3104 1023 3177 ad
1035 3107 1118 3191 Mes

349 3200 471 3276 tellum
487 3210 523 3274 &
537 3131 791 3275 Lufitaniamrge
807 3228 992 3275 convertar.

398 3304 487 3373 Hac
515 3298 629 3373 secum
654 3303 782 3400 agitans
809 3303 971 3374 Sertorius
998 3312 1119 3401 praerer

347 3400 526 3475 Hiberum.
535 3428 673 3474 amnem
689 3430 748 3504 per
761 3426 894 3500 pacatos
906 3428 1001 3501 agros
1015 3404 1122 3499 quie-.

350 3525 425 3573 tum
451 3503 634 3575 exercitum
662 3501 730 3577 fine
761 3499 859 3574 ullius
889 3498 975 3573 noxa
1006 3500 1139 3576 duxit-⁴

268 3614 274 3625 ’
348 3598 521 3678 Ριοῐεᾶιιε
537 3602 618 3679 inde
630 3602 668 3678 in
683 3600 892 3683 Bursaonum
909 3608 945 3681 δι
962 3598 1118 3695 Casum,
