2792 4742
341 677 673 732 urrronrnnou
701 656 796 731 [η.
820 654 884 734 lv.
939 683 1005 753 333

240 795 424 866 metuens,
447 776 594 852 ablatam
609 774 799 878 proconsuli
811 776 984 878 legionem
996 836 1008 868 ,
1020 808 1141 858 zu

241 874 341 949 misso
350 878 387 950 in
398 904 476 950 eam
485 904 559 952 tem
569 879 682 980 legato
694 877 1007 978 tradiditzaequatus
1018 872 1050 923 Α·
1062 878 1142 940 Μ’

241 976 330 1050 inter
357 978 443 1052 duos
474 979 720 1060 beneficiorum
745 1005 940 1069 numerus,
972 991 1007 1056 &
1043 961 1118 1106 3⁸²2

184 1131 186 1134 -
240 1077 355 1150 mixtis
391 1078 562 1179 utriusque
602 1079 771 1154 mandaris
793 1078 1009 1169 ,discordia
1058 1082 1096 1194 '70

240 1177 545 1281 quaefitaaustaque
558 1209 662 1280 pravo
678 1181 875 1255 certamine.
901 1184 1009 1283 Lega-
1033 1271 1043 1284 x
1096 1165 1108 1192 '

241 1301 356 1350 toturn
372 1287 422 1376 jus
440 1280 590 1356 adolevit
605 1339 617 1371 ,
637 1280 859 1356 diuturnitate
880 1279 1009 1373 officii,

237 1377 296 1452 ‘vel
308 1379 387 1478 quia
399 1381 587 1456 minoribus
597 1380 898 1481 maioraemulandi
908 1409 1008 1457 cura:

240 1478 480 1579 proconsulum
519 1480 800 1584 splendidissimus
833 1480 974 1582 quisque
995 1517 1022 1573 ,-

238 1577 407 1754 lsgguritati
421 1583 528 1683 magis
540 1641 552 1674 ,
576 1585 681 1684 quam
707 1582 867 1684 potentiae
889 1581 1010 1670 consu·¹

298 1706 366 1756 ant.

262 1813 266 1822 ¹
287 1783 415 1856 XLIX.
442 1786 521 1854 San
544 1805 620 1853 tum
639 1781 815 1882 legionem
832 1781 870 1852 in
889 1776 1008 1853 Africa

239 1901 277 1949 re
301 1879 379 1953 ebat
390 1881 548 1956 Valerius
562 1880 696 1968 Festus,
713 1876 911 1976 sumptuose
922 1879 1020 1950 ado·-

152 1983 157 1988 ’
231 1905 429 2068 ¹lescentiae,
447 2005 559 2080 neque
572 1978 710 2054 modica
722 1979 879 2078 cupiens,
897 1985 934 2052 &
948 1977 1017 2051 adm

194 2098 197 2104 ·
238 2076 369 2154 sinitote
384 2079 528 2180 Vitellii*
542 2081 667 2154 anxius.
692 2083 725 2153 Is
740 2076 865 2153 crebris
878 2073 1011 2152 sermo-

236 2178 338 2253 nibus
354 2182 579 2257 tentaveritne
590 2177 751 2255 Pisonem
767 2179 872 2252 adres
883 2205 1008 2268 novas,

236 2305 282 2352 an
308 2284 456 2355 tentanti
483 2282 664 2370 restiterit,
693 2282 886 2372 incertum3
921 2303 1008 2377 quo·

237 2379 332 2452 niam
362 2378 492 2455 secreto
513 2409 634 2457 eorum
658 2407 765 2455 nemo
790 2375 925 2468 adfuit,
940 2389 1006 2470 δι,

236 2479 345 2552 occiso
372 2480 492 2555 Pisone
511 2503 521 2570 ,
552 2481 705 2584 plerique
722 2480 768 2555 ad
787 2479 931 2580 gratiam
950 2480 1007 2553 in*-

237 2576 425 2654 terfeeloris
465 2580 681 2653 inclinavere.
711 2582 787 2652 Nec
819 2578 1022 2676 ambigitur»

261 2679 471 2768 tovinciam,
496 2689 532 2753 &
556 2677 734 2768 militem,
755 2676 901 2750 alienato
925 2703 1017 2780 erga·
1190 2746 1195 2772 ,

236 2705 478 2882 ilespafianum
496 2781 612 2853 animo
627 2775 749 2874 suisle3
775 2775 966 2877 &quidam
984 2805 1005 2854 e
1094 2852 1096 2857 ,
1191 2790 1196 2809 “

235 2877 455 2969 Vitellianis,
481 2881 578 2954 Urbe
605 2878 765 2978 profugi,
794 2879 1006 2957 ostentabant

236 2977 351 3051 Pisoni
371 3011 393 3040 c
408 3002 565 3054 nutantes
578 2977 732 3062 Gallias,
753 3001 903 3072 paratam
916 2982 1019 3052 Gen·

236 3077 446 3164 maniam,
474 3074 622 3173 pericula
645 3073 768 3174 ipsius,
800 3085 837 3148 &
860 3076 897 3147 in
923 3104 1028 3176 pace

235 3174 411 3278 »susperstal
448 3174 551 3247 tutius
572 3171 720 3247 ¹bellum
735 3206 772 3244 a.
804 3177 897 3247 Inter
932 3204 1021 3275 quae*

236 3275 401 3352 Claudius
416 3275 565 3374 Sagitta,
582 3271 755 3377 prefectus
768 3270 827 3347 ὼ
839 3275 979 3349 Petrina
992 3334 1005 3366 ,
1020 3303 1025 3309 ·

236 3374 391 3480 prosperas
408 3375 623 3478 navigatione
637 3373 797 3476 prevenit
809 3376 1005 3474 Papirium,

237 3477 472 3552 centurionem
486 3535 497 3568 ,
521 3508 542 3550 a
554 3479 720 3552 Muciano
733 3471 871 3547 millum
886 3505 894 3544 ι
908 3471 1007 3546 adse-

240 3577 441 3681 veravitque
457 3607 478 3643 α
495 3573 656 3654 mandata
668 3571 899 3656 interficiendi
912 3569 1016 3663 Piso-,-
