2792 4742
363 636 728 693 nrsrontnnun
762 614 863 702 [η.
886 619 915 693 Ι.
986 646 1034 715 47

253 738 371 828 fervi,
397 748 434 813 &
457 733 682 811 contubernio
695 743 767 835 ejus
778 736 943 829 abditus,
964 758 1161 823 nona?

258 842 455 944 religione,
479 864 543 911 nec
570 836 796 927 caetimoniis,
823 838 882 914 sed
905 840 1036 915 latebra
1049 845 1163 899 AM·

258 943 449 1021 imminens
462 937 603 1013 exitium
621 934 801 1013 differebat
813 970 822 1013 ε
836 939 917 1015 cum
930 942 1035 1018 adve-
1074 936 1142 991 ⁸²²·

260 1071 343 1123 nere
358 1099 369 1133 ,
393 1036 492 1118 miffn
506 1038 681 1129 Othonis,
701 1042 910 1117 nominatim
923 1044 960 1117 in
974 1073 1035 1119 cae-
1069 1031 1093 1082 ³·
1116 1030 1148 1081 ο·

260 1146 347 1225 rlem
369 1152 439 1244 ejus
465 1139 645 1230 ardentes,
669 1140 834 1243 Sulpicius
852 1144 990 1236 Floms,
1013 1174 1034 1221 e
1086 1122 1136 1182 ⁶9·

260 1244 464 1323 Britannicis
491 1240 716 1330 cohortibus,
745 1271 852 1345 nuper
879 1276 899 1320 a
923 1245 1035 1320 Galba

251 1326 400 1429 'civitate
414 1343 578 1430 donatus,
595 1344 770 1417 &Statius
781 1346 946 1437 Murcus,
964 1346 1037 1447 spe·

261 1444 416 1521 culatot:
435 1443 590 1545 aquibus
592 1450 790 1617 frenellus
805 1446 904 1539 Piso,
925 1450 963 1520 in
979 1446 1035 1521 fo-

264 1547 356 1621 ribus
370 1544 491 1643 templi
505 1544 591 1617 truci
609 1569 702 1643 ¹ntur.
908 1568 911 1573 ·

263 1686 265 1695 v
312 1647 441 1721 XLIV.
461 1646 622 1719 Numan
643 1644 771 1719 caedem
787 1645 887 1721 Otho
906 1654 1037 1746 majore

263 1742 380 1819 latitia
395 1740 582 1845 excepille,
605 1744 740 1817 nullum
754 1773 852 1847 caput
865 1772 938 1818 tam
953 1746 1037 1820 insa·

262 1845 442 1921 tiabilibus
462 1840 569 1915 oculis
588 1842 792 1941 perlustralle
814 1846 960 1915 diciturt
982 1844 1040 1921 seu

262 1970 346 2021 rum
373 1939 527 2045 primum
551 1938 662 2019 levata
691 1942 788 2013 omni
814 1941 1042 2021 sollicitudine

259 2070 392 2132 mens,
406 2067 522 2115 vacare
534 2039 665 2140 gaudio
674 2067 822 2143 coeperat
836 2072 844 2114 ι
857 2040 916 2117 seu
930 2070 1042 2119 recor·

265 2144 362 2219 datio
377 2140 555 2241 majestatis
568 2142 605 2213 in
619 2140 755 2232 Galba,
773 2144 931 2217 amicitiae
942 2146 980 2219 in
993 2150 1041 2225 Τ.

266 2245 398 2331 Vinio,
417 2240 573 2341 quamvis
590 2241 769 2312 immitem
783 2244 939 2316 animum
953 2247 1043 2321 ima-

269 2346 350 2448 gine
368 2342 451 2417 tristi
466 2336 678 2415 confuderat.
696 2338 846 2430 Pisonis,
860 2367 898 2415 ut
909 2343 1046 2420 inimici

267 2457 306 2521 δι
322 2442 459 2530 aemuli,
476 2441 564 2515 caede
577 2439 706 2529 letari,
728 2448 780 2540 jus
796 2439 912 2542 fasque
925 2447 1047 2523 crede-

267 2546 343 2621 bat.
373 2540 510 2614 Praefixa
533 2540 643 2612 contis
669 2542 778 2637 capita
804 2544 1048 2639 gestabantur,

268 2646 367 2721 inter
395 2638 488 2743 signa
512 2637 733 2724 cohortium,
760 2647 853 2737 juxta
880 2643 1048 2744 Aquilam

271 2741 441 2847 legionis,
458 2738 615 2814 certatim
630 2739 874 2817 ostentantibus
889 2768 1046 2819 cruentas

274 2871 415 2931 manus,
427 2838 488 2941 qui
499 2837 715 2927 occiderant,
728 2840 788 2938 qui
797 2841 1047 2933 interfuerant,

270 2944 335 3043 ‘qui
346 2944 448 3029 vete,
470 2940 532 3040 qui
544 2936 653 3029 falsb,
675 2940 910 3040 utpulchrum
924 2953 960 3017 &
975 2970 1047 3018 me·

277 3041 444 3118 motabile
457 3038 604 3129 facinus,
618 3038 798 3139 jaclabunt.
815 3040 929 3116 Plures
940 3042 1047 3142 qualm

277 3170 417 3219 centum
432 3152 469 3215 &
484 3140 608 3241 viginti
621 3138 756 3211 libellos
773 3141 909 3239 praemia
928 3139 1048 3243 expos-

279 3246 456 3333 centium,
480 3240 527 3313 ob
543 3238 694 3339 aliquam
710 3238 899 3313 notabilem
914 3239 973 3321 illl
989 3240 1048 3313 die

270 3372 440 3447 operam,
454 3340 615 3418 Vitellius
628 3340 741 3441 postea
750 3336 882 3415 invenlt
894 3372 903 3413 t
915 3337 1050 3413 omnes·

277 3436 826 3543 quecunquiri&interficijullit;
839 3440 1053 3514 nonhonore·
1133 3453 1136 3458 ’

281 3540 433 3632 Galbae,
459 3541 518 3618 led
539 3540 665 3617 tradito
690 3537 902 3642 Principibus
927 3562 1048 3630 more,
