2792 4742
324 667 396 737 492
482 643 534 717 lu
558 645 739 717 Linuun
767 668 968 717 sunnon

325 766 418 828 Verus
441 760 630 827 scholiastes:
653 760 755 837 pullati
765 782 777 834 ;
800 762 829 823 id
852 762 907 843 est,
924 783 983 822 curn
1001 759 1110 843 nigri!

328 846 444 913 renibus
460 844 596 923 lugentes.
619 840 666 900 De
675 839 723 901 liis
732 841 844 905 ¹Vitellii
863 840 993 921 supremis
1011 844 1106 924 plura

329 918 420 987 videa
442 923 477 981 ud
489 922 657 982 Suetonium
666 924 697 980 in
709 921 805 985 Vitell.
820 921 894 1001 Cap.
910 942 954 997 15·

371 1000 402 1066 V
398 946 453 1061 elin
460 1002 490 1061 in
495 1000 642 1077 funebrem
647 998 784 1075 pompam.
793 1000 907 1061 Leffici
916 998 1111 1061 efferebantur

330 1084 439 1146 mortui.-
469 1080 545 1142 Vide
558 1078 803 1155 Kirchrnannum,
824 1080 858 1140 de
872 1078 1025 1141 Funeribus
1037 1081 1109 1141 Ro-

329 1158 513 1234 man.Il,9.

368 1315 444 1377 Clu.
467 1316 606 1380 LXVIII.
629 1316 750 1400 infidiae.
770 1316 845 1381 Vide
864 1316 1108 1397 supplementum

328 1396 436 1457 Annal.
452 1396 546 1469 Vssl,
566 1402 614 1457 68.

370 1474 499 1557 Ignotum
515 1496 573 1537 rus.
592 1476 649 1541 Rus
660 1476 794 1537 Phaontis
804 1522 812 1549 ,
823 1474 922 1535 liberti.
935 1474 1010 1539 Vide
1021 1476 1108 1556 sup<

291 1617 295 1625 ,
330 1554 622 1636 plementum'AnnaL
631 1555 725 1631 XVI,
744 1562 782 1627 84
795 1562 823 1613 &
836 1560 883 1615 86.

371 1631 512 1695 Cecidere.
532 1632 622 1714 Supra*
639 1634 713 1695 Hist.
726 1636 758 1708 Ι,
778 1657 815 1707 40
827 1642 855 1693 &
871 1632 949 1715 seqq.

316 1768 321 1775 .
371 1710 504 1775 Locutus.
524 1710 548 1772 E
560 1715 670 1791 rostris,
690 1718 721 1775 in
733 1714 795 1773 foro
807 1714 938 1774 Romano
950 1758 959 1787 ‚
982 1730 1013 1771 ut
1024 1724 1107 1793 patet

329 1812 367 1854 ex
382 1794 487 1873 Capite
500 1817 549 1866 70.
634 1811 637 1818 ·

351 1908 355 1915 -
374 1871 497 1953 Confirii.
516 1870 633 1935 Consuli
647 1872 770 1933 suffel'to.
797 1872 843 1931 De
858 1872 938 1947 hujus
950 1874 1017 1931 anni
1027 1891 1107 1930 con-

332 1951 434 2015 sulibus
446 1953 552 2012 <licium
564 1951 644 2031 supri
657 1955 687 2011 iu
698 1952 783 2011 Notis
796 1951 831 2011 ad
844 1952 917 2011 Hist.
929 1952 942 2009 I
953 1998 961 2026 ,
971 1973 1026 2023 ,77.

354 2032 420 2101 ,Irr
431 2028 490 2091 nde
508 2030 680 2092 Concordiae.
698 2030 781 2090 -Hoc
811 2032 946 2112 templum
972 2033 1002 2089 in
1027 2028 1107 2089 clivo

333 2109 522 2193 Capitolino,
542 2104 634 2191 prope
651 2130 746 2169 arcum
763 2110 891 2189 Septimii
911 2110 1024 2169 Severi:
1045 2107 1108 2167 ab·

333 2188 473 2271 sumptum
492 2190 627 2250 incendiis
649 2188 843 2269 Capitolinis,
871 2192 1020 2249 restitutum
1042 2187 1084 2247 est
1097 2228 1124 2264 ,‚

334 2288 365 2329 ut
380 2272 510 2331 testantur
529 2268 680 2349 superstites
700 2270 822 2351 reliquiae
841 2276 869 2327 &
887 2267 1051 2349 Inscriptio:

410 2368 560 2409 suunrvs.
579 2367 799 2418 ronvuvsovu.
821 2368 976 2410 uounuvs

411 2445 565 2485 messum
585 2445 808 2486 cousvnruviu
829 2444 1001 2489 nussffvrr

333 2500 401 2580 Ejus
418 2504 517 2580 rudera
538 2503 601 2564 vide
620 2504 695 2585 apud
715 2504 762 2566 Cl.
780 2506 925 2579 Piranefi‚
954 2498 1109 2565 Anichitu

333 2580 478 2662 Romane,
497 2584 585 2644 Tom.
599 2586 613 2643 1
624 2632 633 2659 ,
651 2606 719 2665 pag.
736 2606 768 2663 33
785 2594 815 2664 ¹&
826 2586 899 2646 Tab.
910 2581 1045 2643 XXXII.
1112 2578 1119 2593 '

267 2695 281 2711 ν
374 2661 494 2721 Domum
512 2684 545 2721 ue
562 2662 678 2737 fratris.
701 2660 777 2721 Foro
794 2667 1008 2734 imminentem,
1032 2662 1110 2719 vici-
1232 2692 1233 2721 3

333 2758 456 2817 namque
464 2684 515 2795 aii
522 2738 699 2805 Concordiae,
710 2756 738 2793 ut
744 2759 812 2794 mox
819 2739 971 2796 videbimus
982 2760 1048 2817 cap.
1059 2762 1107 2810 70.
1232 2740 1233 2809 ζ

372 2814 490 2873 Sacram
506 2812 592 2873 viam.
612 2810 684 2890 Quae
697 2812 732 2871 ab
750 2813 807 2874 aede
820 2814 988 2877 Concordiae
1004 2824 1034 2877 &
1050 2819 1107 2885 Cae

316 2894 435 2980 fpitolio
448 2891 481 2954 nd
497 2893 634 2975 palatium
650 2890 776 2955 ducebat.
860 2934 877 2973 χ
935 2933 941 2943 1

375 3050 451 3113 Cur.
466 3049 580 3111 LXIX.
605 3050 690 3114 Circa
716 3050 805 3114 lacum
829 3050 967 3117 Fundani.
995 3053 1108 3118 Lacum

334 3133 448 3272 Jffidem
461 3128 650 3206 Fundanum,
670 3131 840 3211 nuneLago
855 3132 882 3192 di
895 3132 1009 3205 Fundi,
1031 3134 1107 3195 dans

239 3274 243 3277 ⁴
348 3233 366 3271 u
387 3229 458 3271 terre
477 3207 510 3276 de
531 3209 669 3283 Labeon,
694 3230 833 3273 memorat
855 3210 961 3274 Plinius
980 3212 1042 3287 ΙΙΙ,
1068 3233 1107 3289 5,

335 3291 398 3350 sest·
415 3312 443 3360 9.
464 3287 504 3349 Ar
520 3292 595 3350 lacus
609 3290 760 3365 Fundani,
778 3292 812 3351 de
850 3314 888 3350 uo
905 3310 1007 3351 nunca
1028 3294 1084 3352 itur

334 3372 374 3429 est
390 3372 509 3429 omnino
529 3368 667 3430 diversus:
688 3372 711 3428 is
731 3373 806 3429 enim
824 3310 874 3430 int
890 3374 921 3429 in
937 3312 1107 3451 ipsliirbe,

335 3456 386 3520 δι’,
409 3469 438 3509 ut
460 3450 592 3525 videtur,
613 3453 643 3509 in
667 3468 762 3521 monte
785 3448 945 3527 Quirinali,
970 3448 1055 3508 hodie
1079 3448 1105 3511 Ie

334 3523 494 3602 Quirinal,
516 3531 561 3589 vel
583 3528 681 3595 Monte
706 3528 824 3603 Cavallo
835 3576 845 3605 ,
870 3550 917 3590 aut
930 3528 995 3587 huic
1013 3533 1104 3591 monti

333 3603 409 3666 serti
430 3609 549 3678 vicinus.
577 3610 621 3674 Ibi
638 3628 761 3693 repertus
779 3625 854 3677 vetus
873 3610 944 3694 lapis
964 3627 1027 3673 sum
1042 3604 1105 3677 Ins-s
