2792 4742
358 641 624 745 ntsronrnnuit
642 666 798 744 T.Lrv11
817 665 945 746 Note.
1004 670 1081 768 567

341 795 592 871 superventurum.
621 786 688 855 iarn
711 804 774 866 pars
794 787 875 851 verbi
898 787 1019 849 occurrit
1043 788 1077 850 in

309 866 364 932 Ms.
377 869 485 930 codice.
508 867 541 927 Id
552 889 662 949 quoque
676 868 788 939 innuit,
808 866 883 947 qnod
898 888 966 929 rnox
981 869 1077 949 sequi*¹

307 960 377 1024 tur,
397 953 533 1009 incautos
552 990 562 1009 .
581 989 591 1007 .
612 990 622 1008 .
640 946 844 1029 algreffitrum.
1102 956 1103 959 ’

346 1029 399 1088 Ab
412 1028 501 1166 ΙιοίΙὶε
515 1028 547 1087 vi
562 1031 665 1089 tutari.
693 1026 832 1105 Supplevi
845 1043 906 1105 quae
917 1022 1079 1089 indicabant¹

309 1108 425 1185 reliq'uae
452 1107 538 1166 tere.

347 1186 505 1245 Hiberones
519 1186 546 1245 t>
558 1184 753 1246 Auralcorres.
764 1182 807 1245 Hi
819 1183 916 1263 populi
928 1182 1078 1245 Citerioris

305 1259 449 1343 Hispaniae
459 1264 600 1325 veteribus
612 1262 789 1340 scriptoribus
805 1283 860 1323 non
873 1283 1077 1325 memorantur.

307 1342 349 1402 At
364 1341 429 1404 cirrn
440 1344 558 1405 Metello
568 1342 608 1401 ad·
614 1341 774 1403 Celtiberos
787 1343 912 1403 tendenti
922 1342 975 1401 iter
984 1339 1078 1402 moni:

306 1423 461 1495 traxerint,
474 1422 649 1482 manifestum
661 1423 700 1481 est
713 1443 760 1480 eos
771 1422 901 1481 habitasse
913 1422 941 1479 in
955 1422 987 1480 ei
998 1439 1078 1500 parte

307 1499 471 1578 Hispaniae,
490 1520 574 1579 quarn
588 1519 662 1558 nunc
682 1500 803 1561 dicimus
819 1500 851 1559 la
866 1502 963 1581 partie
983 1504 1077 1560 orien-

308 1581 369 1638 tale
392 1578 427 1639 dc
448 1581 481 1638 la
501 1577 618 1660 Caflille
636 1580 755 1666 vieille,
779 1579 805 1639 ἃ
822 1581 920 1661 partie
940 1576 1080 1640 d'Alava

308 1654 383 1717 &de
393 1661 542 1719 Navarre.
563 1656 606 1715 Et·
617 1672 649 1716 ut
665 1658 777 1718 videtur
792 1680 828 1717 ex
846 1657 1005 1717 nominibus
1019 1654 1078 1720 Hi-⁸

307 1736 427 1797 berones
450 1736 560 1796 Hibero
582 1734 692 1795 flumini
717 1737 879 1814 propiores,
904 1737 1077 1798 Autalcones

310 1812 593 1893 Celtiberis.0pinor
602 1814 721 1875 Livium
732 1812 859 1893 scripfiiie
870 1814 913 1873 ad
920 1812 1079 1877 Hiberoner

308 1892 336 1953 t>
355 1896 540 1955 Autalcones
550 1894 701 1975 progredi.
731 1894 789 1953 Ad
799 1893 935 1954 exciderit
946 1912 992 1973 aut
1006 1896 1077 1955 vitio

304 1972 442 2049 ¹iibrarii,
468 1992 516 2034 aut
536 1972 637 2031 extriti
661 1972 804 2049 scripturi.
841 1974 932 2031 Immo
957 1972 1078 2051 tirspicor'

308 2071 367 2112 non
382 2052 462 2112 fuisse
477 2050 607 2130 scripturn
621 2049 799 2128 triremos,
818 2052 864 2111 sed
881 2052 924 2111 ad
936 2050 1079 2115 Berones.

306 2130 342 2195 ln
366 2131 473 2191 extritis
497 2132 574 2191 enirn
599 2131 687 2192 literis
712 2131 774 2193 falli
798 2130 888 2209 potuit
905 2130 955 2191 Cl.
976 2130 1076 2198 Bruns.

307 2210 408 2271 Manet
423 2210 493 2271 forte
509 2210 612 2271 veteris
632 2210 753 2270 nominis
770 2208 907 2277 rnetnoria
925 2208 953 2269 in
972 2211 1078 2288 oppido

308 2288 385 2381 quod
402 2310 476 2349 nunc
493 2290 597 2351 dicitur
614 2292 766 2365 Briones,
788 2298 814 2351 &
833 2289 943 2349 Hibero
966 2286 1077 2353 flumini
1181 2306 1185 2313 '

308 2368 436 2433 vicinum
453 2369 514 2446 est,
533 2368 613 2447 sopri
629 2372 781 2453 Logror’ro.

349 2451 484 2507 Gratiam
507 2450 683 2529 querebatur
695 2449 841 2527 infantem.
873 2446 905 2505 Id
924 2454 951 2507 &
967 2447 1032 2507 loco
1050 2452 1078 2508 st
1169 2456 1171 2459 ’

308 2527 412 2585 veteris
424 2527 562 2604 scripturae
574 2526 698 2609 vestigiis
709 2525 859 2587 conuenire
872 2526 943 2586 mihi
956 2526 1078 2588 videtur

309 2601 366 2679 Pro
381 2607 569 2685 querebatur,
588 2606 681 2685 fiquis
692 2606 789 2679 malit,
808 2603 986 2685 reposcebat,
1001 2602 1078 2665 haud

308 2686 485 2765 repugnabo.

348 2766 708 2897 Nffioppugrrarentur.
727 2762 866 2840 Supplevi
875 2782 963 2843 nuper
972 2785 985 2835 ;
1005 2755 1080 2841 quoti

309 2859 376 2900 curn
413 2840 505 2897 ‘'ria
520 2842 664 2899 consentit.
1075 2862 1076 2865 ’

352 2918 553 2977 Celtiberorum
569 2918 660 2975 urbes.
682 2914 750 2975 Non
767 2912 882 2976 difficile
896 2915 947 2974 iirit
958 2916 1080 2994 Supple-

310 3015 460 3069 mentum,
481 2993 546 3055 crim
558 2995 682 3054 maxima
696 3010 759 3070 pars
771 2992 801 3051 in
814 2994 911 3054 codice
924 2994 977 3053 Mt
989 2997 1079 3055 exsta-

309 3092 374 3137 ret..
400 3073 540 3135 Celtiberi
562 3091 680 3146 autem,
701 3070 816 3147 Celtis,
839 3074 884 3133 seu
908 3070 1026 3150 Gallis,
1052 3066 1080 3135 bi

309 3152 427 3215 Hiberis
447 3154 552 3228 mixti,
572 3153 647 3212 unde
659 3150 694 3209 iis
708 3171 837 3227 nomen,
857 3152 985 3231 illudque
1006 3153 1080 3232 apud
1182 3194 1184 3198 -

306 3230 451 3311 Hispanos
463 3234 604 3293 bellorum
616 3228 710 3291 iiudiis
722 3230 980 3295 celebratissimum.
1002 3232 1082 3297 Lau«

311 3312 412 3381 dantur
430 3312 530 3373 aSilio
546 3312 645 3373 Italico
661 3310 726 3385 ΙΙΙ,
748 3324 816 3383 340.
1070 3326 1073 3331 ·

388 3431 483 3484 Venere
497 3434 519 3483 ir
536 3429 610 3483 celte
620 3425 714 3493 furiati
728 3445 813 3479 namen
827 3396 937 3484 Hiberis.

380 3522 430 3573 His
445 3524 530 3591 pugni
547 3520 651 3587 cecidiffe
668 3524 747 3600 letus.
772 3558 774 3563 .

306 3612 382 3694 Eam
392 3625 535 3713 Hispaniae
547 3642 656 3714 partem
668 3645 805 3712 tenuere,
825 3644 910 3714 quarn
922 3642 996 3690 nunc
1009 3626 1083 3694 dict-2
