2792 4742
351 645 418 769 148
458 670 1022 748 C.Conurrr1TAc1rt

129 887 130 892 ἵ
218 793 458 888 fflluere:
475 792 586 867 donec
598 790 700 865 miffae
716 792 1016 869 aFabio'Valente
1039 796 1113 901 epi‹'

129 905 131 974 l
219 907 291 959 Μ’·
305 904 327 954 0
343 898 441 985 stola,
450 894 628 969 demerent
638 912 782 967 merum.
792 896 834 969 Et
843 894 935 967 mors
944 897 1110 992 Othonis,

245 998 314 1052 ⁸²²·
342 1000 413 1098 qub
425 994 648 1084 laudabilior,
669 996 711 1067 eb
724 993 871 1068 velocius
885 995 1010 1071 audita.

236 1097 262 1188 l·
280 1094 311 1145 ⁰·
393 1098 470 1173 LV.
498 1094 555 1169 Ar
584 1094 817 1172 Romae‘nihil
845 1108 907 1169 tte
920 1096 1108 1172 idationis:

128 1233 130 1238 ·
249 1187 301 1266 .⁶⁹·
337 1195 498 1274 Cereales
517 1194 651 1271 ludier
671 1221 768 1269 more
789 1124 1031 1297 spectabantur.
1055 1202 1108 1272 Ut

339 1294 493 1390 «cessiffe
510 1294 579 1371 vita
595 1297 801 1387 Othonem,
824 1306 896 1371 &a
913 1296 1025 1370 Flavio
1044 1302 1106 1375 Sa-
1202 1374 1206 1381 ,

330 1397 472 1487 ahino,
498 1394 654 1498 prafeem
682 1395 813 1487 Urbis,
839 1396 934 1496 quod
963 1423 1035 1471 erat
1063 1400 1103 1479 in

159 1579 164 1598 .
273 1586 279 1600 ί
328 1498 455 1574 aUrbe
468 1497 621 1589 militum
634 1494 844 1571 sacramento
853 1496 988 1572 Vitellii
1004 1498 1102 1573 adac-

328 1624 478 1688 ntum»,
499 1598 584 1671 certi
600 1603 750 1671 auctores
767 1598 803 1669 in
822 1596 994 1671 theatrum
1009 1624 1101 1674 attu-

326 1698 464 1788 lerunt,
486 1696 631 1773 Vitellio
645 1695 816 1801 plausere:
834 1697 1001 1799 populus,
1018 1728 1098 1775 cum

325 1796 424 1873 lauru
436 1827 475 1873 ac
488 1797 644 1889 floribus,
657 1798 775 1873 Galbae
786 1800 958 1901 imagines,
967 1800 1097 1877 circum
1132 1826 1135 1832 ·

326 1899 457 2002 templa
471 1898 568 1990 tulit,
584 1901 748 2002 congestis
761 1899 798 1975 in
812 1900 958 1974 modum
973 1903 1097 1977 tumuli

326 2002 480 2088 coronis,
488 2009 580 2098 juxta
591 2000 704 2072 lacum
714 2002 849 2095 Curtii,
864 2029 969 2100 quem
980 2001 1096 2077 locum
1194 2016 1198 2019 ’
1262 2033 1266 2052 ·

325 2098 438 2175 Galba
467 2101 617 2173 moriens
644 2098 807 2214 sanguine
831 2100 1007 2177 infecerat.
1053 2106 1096 2181 In

272 2235 275 2239 ·
322 2199 463 2290 senatu,
487 2206 608 2274 cunm
628 2198 739 2301 longis
759 2188 906 2273 aliorum
925 2196 1096 2304 principa-

323 2298 414 2375 tibus
427 2301 613 2401 composita
625 2302 736 2371 statim
756 2300 993 2373 decernuntur.
1016 2304 1096 2375 Ad-

322 2400 401 2474 ditae
414 2425 524 2498 «erga
535 2398 758 2470 Germanicos
775 2398 938 2471 exercitus
951 2398 1068 2475 laudes
1078 2427 1095 2493 ,¹

261 2560 268 2571 .
319 2496 565 2601 »gratesquenz
590 2507 626 2573 &
638 2494 735 2570 milla
751 2494 897 2599 legatio,
915 2519 990 2597 quae'
1007 2529 1092 2601 gau-

211 2654 213 2656 ·
320 2600 381 2675 dio
404 2598 619 2701 fungeretur..
638 2599 799 2673 Recitatae
821 2597 914 2697 Fabii
933 2598 1090 2675 Valentis

317 2700 484 2801 epistolae,
498 2700 542 2769 ad
553 2697 703 2769 consules
715 2696 841 2799 scriptae
857 2698 948 2769 haud
960 2700 1089 2775 immo-

317 2799 455 2873 derate:
479 2796 605 2895 gratior
630 2796 771 2869 Caeeinae
801 2794 965 2873 modestia
993 2798 1086 2897 fuit,

315 2898 410 3001 qubd
422 2925 493 2971 non
507 2892 687 2998 scripfiffet.

365 3000 460 3074 LVI.
490 3000 671 3073 Caranon
698 2994 793 3071 ltalia
820 2984 951 3097 gravius
981 3024 1084 3098 atque

314 3098 482 3190 armenis,
503 3099 609 3199 quam
625 3097 718 3173 bello
735 3096 988 3172 adflictabatur:
1013 3098 1092 3173 dis-‘

338 3197 398 3280 erfi
412 3227 471 3301 per
486 3200 671 3301 municipia
683 3209 719 3273 &
732 3197 880 3273 colonias
890 3198 1080 3290 Vitelliani,

312 3228 480 3403 ipoliare,
502 3326 640 3398 rapere,
663 3300 697 3371 vi
718 3308 752 3371 &
774 3299 889 3395 stupris
906 3297 1109 3403 pollueret·

243 3474 246 3480 ,
311 3402 349 3474 in
363 3428 472 3482 omne.
484 3395 533 3471 fas
544 3395 704 3496 nefasque
719 3395 828 3483 avidi,
845 3421 903 3469 aur
918 3398 1077 3490 venales,

314 3527 384 3582 non
397 3502 489 3574 sacro
504 3557 515 3590 ,
538 3527 610 3573 non
623 3493 765 3599 profano
780 3494 999 3571 abstinebant.
1032 3502 1076 3575 Et

310 3595 406 3693 fuere
423 3657 434 3693 ,
449 3600 685 3699 qui'inrmicos
705 3597 780 3678 suos
796 3596 903 3701 specie
920 3598 1072 3721 militum
