2792 4742
361 677 734 736 maronianum
770 657 869 744 Lru.
894 658 923 734 1.
985 688 1029 753 41

261 757 436 870 tumultu',
464 778 763 854 &exhortatione
791 779 935 885 mutual,
962 809 1035 856 non
1049 765 1163 870 Ξ

262 906 442 980 tamquam
470 880 507 952 in
532 880 687 983 populo,
715 880 907 983 aeplebe,
932 882 1034 957 variis
1047 883 1161 937 Λϋθ·

259 981 357 1083 segni
368 978 563 1054 adulatione
578 981 742 1071 vocibus,
759 978 843 1071 sed,
861 1007 900 1057 ut
912 1011 1035 1083 quem·
1070 973 1138 1024 ⁸²²·

260 1108 330 1183 que
356 1070 588 1155 'adfluentium
622 1080 776 1155 militum
814 1080 1033 1183 aspexerant,
1069 1062 1145 1212 ’ἐξ

260 1179 419 1365 prensare
432 1180 611 1271 manibus,
624 1181 808 1285 complesti
821 1184 923 1258 armis
935 1242 947 1275 ,
962 1186 1036 1259 col·
1116 1204 1134 1218 ³

298 1305 374 1356 care
385 1282 494 1381 juxtal,
510 1282 625 1384 ptaeire
640 1281 911 1374 sacramentum,
926 1287 1036 1361 modb

262 1384 317 1458 lm
344 1400 512 1456 eratorem
522 1382 1035 1487 militibus,modblmperatori

261 1410 391 1555 milites
415 1481 670 1559 commendate.
696 1484 771 1557 Nec
794 1484 911 1559 deerat
934 1488 1035 1560 Otho

260 1582 468 1683 protendens
496 1611 650 1673 manus,
686 1583 828 1658 adorate
861 1584 1033 1685 vulgum,

251 1692 370 1783 jacere
397 1680 535 1773 oscula,
566 1696 602 1759 δι
628 1685 748 1757 omnia
776 1683 943 1761 serviliter
971 1714 1034 1788 pto

261 1782 510 1856 dominatione.
530 1788 722 1883 ,Postquam
744 1784 898 1858 universa
926 1785 1034 1871 classi·

261 1910 381 1956 totum
406 1882 499 1983 legio
519 1879 769 1956 sacramentum
788 1891 860 1980 ejus
878 1888 1034 1985 accepit,

260 1982 368 2058 fidens
393 1982 552 2072 vitibus,
578 1993 615 2058 δι
640 2008 727 2082 quos
751 1981 862 2055 adhuc
889 1980 1036 2084 fingulos
1100 2033 1106 2045 ι

260 2081 1036 2171 exstimulavetat,accendendosincommune

257 2209 373 2271 ratus,
394 2210 456 2283 pro
472 2182 563 2256 vallo
576 2185 760 2257 castrorum
773 2183 822 2255 ita
835 2184 949 2285 coepit.

289 2340 292 2347 ,
307 2284 496 2359 XXXVII.
521 2316 541 2346 α
553 2286 645 2376 Qu1s
662 2284 707 2355 ad
720 2310 780 2356 vos
792 2282 1036 2383 procellerim,

256 2383 541 2457 „commilitones
553 2440 563 2472 ,
576 2384 691 2456 dicere
704 2409 776 2453 non
789 2380 940 2483 pullum:
955 2383 1036 2481 quia

255 2512 349 2559 nnec
364 2484 604 2583 privatumme
619 2508 741 2555 vocare
753 2480 919 2569 sustineo,
937 2482 1033 2553 Prin-

254 2608 367 2682 aceps
380 2608 402 2651 a
412 2580 510 2652 vobis
524 2580 739 2672 nominatus3
754 2608 817 2653 nec
826 2582 1032 2681 Principem,

254 2682 357 2756 »alio
367 2680 570 2779 imperante.
585 2679 743 2754 Vestrum
753 2705 890 2780 quoque
904 2707 1033 2753 nomen

256 2784 320 2855 ain
341 2780 478 2853 incerto
497 2779 583 2867 etit,
601 2777 713 2851 donec
734 2777 946 2852 dubitabitur
961 2782 1033 2853 lm-

257 2916 279 2947 υ
307 2904 479 2956 eratorem
518 2877 777 2983 opulillomani
792 2880 970 2971 incastris,
987 2909 1031 2955 an

257 2910 417 3056 aliostem
442 2906 603 3054 habeatis.
637 2975 844 3069 Auditiline,
870 3006 908 3054 ut
929 3009 1031 3082 paena

258 3110 384 3171 amea,
397 3092 433 3155 &
442 3078 644 3183 supplicium
655 3082 802 3153 vestrum
813 3080 912 3155 limul
922 3083 1032 3181 postu-

259 3182 426 3256 alentur?
458 3182 545 3255 adeb
573 3178 793 3254 manifestum
819 3183 889 3267 est,
917 3206 1032 3278 neque

260 3283 396 3383 aperire
408 3307 495 3370 nos,
516 3306 629 3379 neque
643 3275 751 3352 salvos
761 3276 850 3367 esse,
865 3278 927 3351 nist
940 3280 1031 3365 und,

258 3378 389 3482 apolle.
427 3382 492 3468 Et,
522 3388 616 3479 cujus
645 3378 792 3454 lenitatis
819 3380 866 3453 est
895 3378 1030 3463 Galba,

258 3491 358 3579 aiam
375 3478 508 3553 fottalle
521 3479 672 3583 promisit
685 3510 694 3551 t
708 3504 748 3553 ut
759 3482 843 3577 qui,
861 3476 958 3547 nullo
974 3500 1032 3551 ex-

257 3578 467 3684 aposctnte,
488 3604 540 3659 tot
555 3579 665 3661 millia
677 3574 1040 3660 innocentissitnotum=
1102 3680 1105 3684 V
