2792 4742
315 699 385 767 174
426 668 980 746 C.ConurnrrTncrr1'

182 823 300 869 Ξ
313 793 426 865 silium
440 788 624 865 excusanda
637 816 777 864 erant».
791 794 842 865 lta
854 813 920 865 tres
930 788 1083 865 Moesicae

183 887 216 934 Α·
226 888 257 935 U·
269 887 300 935 C·
314 894 466 997 legiones
480 919 539 994 per
556 892 707 993 epistolas
725 891 930 966 adliciebant
943 896 1083 966 Panno·
1265 962 1266 989 2

202 973 277 1111 J⁸²²C'
315 998 431 1067 nicum
449 993 659 1082 exercitum,
679 1019 741 1067 aut
756 993 919 1067 abnuenti
935 993 1008 1065 vim
1025 1020 1085 1094 pa-
1123 1045 1126 1049 -
1222 1056 1228 1071 ,
1265 1020 1266 1049 ³

219 1095 255 1216 '49
279 1094 286 1111 '
315 1096 444 1167 rabant.
470 1098 510 1166 ln
523 1120 570 1167 eo
583 1120 682 1168 motu
694 1094 849 1197 Aponius
865 1094 1085 1183 Saturninus,

258 1186 267 1209 ’
312 1194 441 1271 Moesrae
461 1200 593 1283 testor,
616 1194 794 1295 pessimum
810 1193 939 1269 facinus
955 1194 1085 1283 audet,

312 1293 413 1369 mirso
427 1296 625 1369 centurione
647 1297 691 1368 ad
712 1295 988 1373 interficiendum
999 1297 1087 1367 Ter-

314 1400 401 1470 tium
422 1396 624 1486 lulianum,
650 1396 799 1497 septima
824 1397 966 1499 legionis
991 1394 1085 1495 lega-

314 1524 417 1587 tum,
437 1498 483 1572 ob
497 1496 701 1588 fimultates,
722 1498 846 1597 quibus
861 1495 993 1571 causam
1013 1522 1087 1598 par·
1159 1544 1169 1551 -

315 1600 403 1671 tium
423 1598 662 1700 praetendebat
706 1599 883 1689 Julianus,
909 1622 1088 1699 comperto

315 1697 537 1787 discrimine,
560 1709 596 1773 &
618 1700 730 1803 gnaris
750 1700 907 1775 locorum
926 1699 1106 1787 adscitis,

316 1826 377 1902 per
391 1800 465 1873 avia
484 1799 637 1891 Moesrae,
655 1801 743 1876 ultra
759 1828 917 1881 montem
928 1806 1087 1875 Hamum
1174 1804 1178 1806 ’

341 1897 490 2001 refugit:
515 1928 579 1975 nec
605 1903 732 1978 deinde
755 1904 846 1978 civili
868 1902 962 1978 bello
982 1903 1088 1975 inter-

315 1929 383 2076 snit
395 2054 407 2087 ,
436 2027 495 2102 per
510 2003 616 2077 varias
629 2032 740 2079 moras
753 2004 943 2109 susceptum
954 2004 999 2079 ad
1009 2001 1092 2080 Ves-

316 2100 491 2203 pasranum
502 2102 567 2176 iter
579 2105 780 2195 trahens,&
793 2136 834 2182 ex
846 2107 975 2185 nuntiis
988 2132 1093 2197 cunc-⁴

318 2200 514 2297 tabundus,
537 2229 595 2277 aut
615 2232 808 2308 properans.
1129 2200 1131 2204 Α

211 2371 213 2375 ,
366 2306 575 2383 LXXXVI.
587 2305 644 2379 Ar
661 2309 698 2377 in
712 2304 885 2379 Pannonis
899 2304 1094 2385 tertiadecir
1259 2300 1263 2408 ἶ

250 2490 256 2504 ,
318 2427 377 2477 rna
389 2403 503 2505 legio,
517 2433 555 2476 ac
567 2401 712 2505 septima
727 2403 917 2493 Galbiana,
933 2404 1093 2479 dolorem

317 2505 474 2607 iramque
495 2502 723 2580 Bebriacenfis
747 2530 866 2609 pugna
884 2505 1094 2596 retinentes,

318 2606 411 2681 haud
430 2610 626 2681 cunstanter
637 2606 843 2709 Vespasiano
858 2604 1041 2696 accessere,
1058 2610 1095 2683 vi

317 2707 484 2811 pracipes
494 2708 599 2780 Primi
608 2706 764 2779 Antonii.
774 2712 805 2779 ls
814 2706 945 2809 legibus
954 2714 1096 2801 nocens,
1205 2782 1207 2787 .

232 2846 235 2851 ¹
286 2863 288 2867 2
320 2819 442 2883 &tem
466 2834 524 2880 ore
535 2807 681 2879 Neronis
696 2804 770 2883 falfi
782 2806 988 2896 damnatus,
1003 2807 1094 2883 inter

145 2921 148 2928 '
257 2921 260 2927 ’
320 2906 387 2983 alia
399 2833 483 2981 belli
500 2905 615 2995 mala,
638 2904 847 2983 senatorium
864 2908 1022 2985 ordinem
1039 2936 1095 2984 re-

322 3011 538 3113 ciperaverat.
566 3008 758 3110 Praepofitus
778 3008 923 3085 aGalbst
943 3008 1095 3115 septimae

296 3159 299 3164 ι
323 3111 452 3213 legioni
468 3170 480 3202 ,
506 3108 700 3213 scriptitasse
716 3112 853 3189 Othoni
869 3111 1097 3203 credebatur,

323 3212 448 3287 ducem
458 3211 492 3287 se
505 3212 653 3316 partibus
664 3212 831 3308 offerens3
845 3245 863 3287 a
877 3242 947 3313 quo
959 3242 1002 3289 ne
1028 3212 1095 3286 lec-

324 3338 399 3405 tus,
421 3315 458 3385 in
483 3313 579 3387 nullo
600 3316 792 3390 Othoniani
815 3314 898 3386 belli
921 3312 979 3385 usu
1002 3243 1095 3387 suits

288 3424 295 3431 '
324 3413 515 3490 labantibus
540 3414 676 3489 Vitellii
701 3414 823 3501 rebus,
851 3410 1096 3514 Vespasianum

324 3513 486 3608 securus,
518 3513 645 3619 grande
675 3538 895 3589 momentum
929 3512 1097 3609 addidit,

324 3615 474 3692 strenuus
496 3644 626 3707 manu,
648 3614 804 3695 sermone
819 3640 1022 3718 promptus,
1042 3615 1111 3694 sea·
