2792 4742
418 674 756 731 nrsronunun
782 651 876 726 er.
899 653 967 729 111.
1016 682 1086 759 25¹.

316 775 525 850 »nidrosiam
563 770 707 847 consiliis
735 782 770 847 &
798 774 928 848 ratione
963 776 1090 875 perfici.
1104 818 1221 868 Ξ

317 878 424 956 »Ιαιιι
442 871 675 949 Misenensem
691 870 851 965 classem,
878 883 914 949 &
935 877 1089 976 pulcher·
1104 884 1135 936 Α·
1147 888 1178 934 U·
1189 886 1222 939 C·

316 980 471 1052 „rimam
483 976 682 1075 Campaniae
696 1002 793 1048 oram
810 970 1002 1051 descivisse:
1024 1007 1088 1055 nec
1132 974 1200 1035 ⁸²²·

318 1114 341 1147 a
347 1078 421 1181 plus
438 1104 458 1151 e
471 1100 545 1151 toto
559 1102 725 1151 terrarum
738 1074 821 1149 orbe
837 1076 1007 1177 reliquum
1022 1081 1090 1157 Vi·
1125 1072 1151 1123 ³·
1171 1073 1202 1123 Ω

318 1178 474 1267 stellio,
508 1177 613 1278 quim
635 1175 732 1275 quod
753 1176 844 1252 inter
866 1179 1089 1257 Tarracinam
1142 1162 1192 1233 ⁶⁹³

319 1277 580 1378 »Narniamque
598 1286 716 1377 jaceat.
742 1278 826 1351 Satis
841 1278 954 1380 gloriae
969 1280 1090 1381 proelio

318 1376 574 1455 »Cremonensi
587 1403 747 1480 parrum,
774 1389 809 1453 &
829 1379 932 1453 exitio
945 1382 1092 1457 Cremo-

319 1509 417 1572 anae,
429 1481 579 1555 nimium
593 1479 745 1553 invidiae:
759 1506 803 1553 ne
816 1477 1091 1582 concupiscerent

318 1585 499 1657 aRomam
518 1608 637 1684 capere
656 1580 795 1683 potitis,
817 1582 921 1681 quim
937 1578 1088 1657 servare:

317 1691 475 1783 :majora
484 1681 551 1755 illis
562 1683 716 1784 praemia,
731 1692 767 1755 &
776 1680 888 1755 multo
899 1685 1091 1777 maximum

315 1784 467 1871 edecus,
480 1781 505 1854 sr
518 1782 795 1855 incolumitatem
808 1780 938 1854 senatui
971 1784 1090 1883 opulo-

316 1911 414 1983 aque
428 1884 590 1956 Romano
604 1878 674 1953 fine
686 1878 849 1979 sanguine
863 1812 1091 1978 quaelilsentn.

317 2066 321 2072 .
369 1984 465 2057 LXI.
488 1984 571 2055 His
591 2008 631 2054 ac
652 1979 776 2053 talibus
798 1981 948 2083 mitigati
972 1983 1091 2061 animi.

315 2084 393 2161 Nee
411 2079 523 2156 multi>
537 2082 608 2184 post
628 2080 782 2184 legiones
800 2082 934 2157 vensre.
963 2086 1005 2157 Et
1023 2108 1092 2175 ter-

317 2206 395 2257 rore
407 2181 569 2281 famique
584 2185 675 2255 aucti
690 2180 876 2271 exercitiis,
898 2182 1092 2261 vitelliana

316 2283 476 2358 cohortes
498 2282 690 2372 nutabant,
717 2280 812 2357 nullo
827 2282 864 2357 in
879 2280 1011 2359 bellum
1030 2286 1092 2359 ad-

316 2383 504 2475 hortante,
532 2383 650 2458 multis
676 2382 721 2455 ad
747 2382 1006 2475 transitionem,
1031 2388 1091 2488 qui

315 2482 390 2561 suas
402 2484 569 2559 centurias
580 2482 773 2582 turmasque
788 2485 943 2575 tradere,
955 2485 1091 2582 donum

317 2585 466 2673 visson,
481 2593 517 2657 &
530 2581 594 2655 fibi
604 2584 641 2655 in
654 2584 824 2683 posterum
839 2585 1008 2684 gratiam,
1022 2613 1093 2683 cer-

317 2684 449 2763 tabant.
469 2687 533 2758 Per
545 2708 603 2757 eos
616 2681 795 2785 cognitum
809 2684 877 2773 est,
899 2688 1093 2759 clnteram-

314 2814 427 2863 anam
443 2774 605 2887 proximis
619 2783 747 2886 campis
765 2782 916 2886 prasudio
929 2785 1092 2884 quadrin-

316 2910 530 2992 agentorum
545 2888 703 2982 equitum
717 2885 871 2959 teneria.
897 2884 1020 2963 Missus
1035 2914 1092 2981 ex-

316 2986 453 3090 templo
481 2986 625 3074 Varus,
658 3006 740 3057 cum
775 2984 931 3086 expediti
961 3014 1092 3079 manu,

318 3116 443 3195 paucos
464 3084 728 3198 repugnantium
750 3082 1092 3189 interfecittplures,

318 3188 460 3293 abjeekis
476 3190 595 3274 armis,
609 3185 746 3259 veniam
759 3185 932 3287 petivere:
948 3186 1093 3287 quidam
1204 3274 1206 3285 ἦ

320 3293 360 3367 in
377 3291 479 3365 castra
495 3284 606 3389 refugi
628 3344 640 3377 ,
666 3290 787 3361 cundta
815 3282 1005 3363 sormidine
1026 3287 1093 3359 im·

322 3391 490 3495 plebant,
525 3386 683 3488 augendo
711 3388 903 3463 rumoribus
929 3389 1093 3467 virtutem

322 3488 502 3589 copiasque
527 3490 701 3575 hostium,
730 3485 929 3586 quoamilsr
949 3484 1091 3587 praesidii

324 3588 476 3667 dedecus
493 3585 650 3663 lenirent.
665 3587 739 3663 Nec
753 3585 822 3673 ulla
834 3583 1092 3762 apudVitelliag
1119 3688 1121 3693 ,

956 3716 989 3793 ν]
1053 3732 1057 3739 v*
