<?xml version="1.0" encoding="UTF-8"?>
<!DOCTYPE html PUBLIC "-//W3C//DTD XHTML 1.0 Transitional//EN"
    "http://www.w3.org/TR/xhtml1/DTD/xhtml1-transitional.dtd">
<html xmlns="http://www.w3.org/1999/xhtml" xml:lang="en" lang="en">
 <head>
  <title>
</title>
<meta http-equiv="Content-Type" content="text/html;charset=utf-8" />
  <meta name='ocr-system' content='tesseract 3.04.00' />
  <meta name='ocr-capabilities' content='ocr_page ocr_carea ocr_par ocr_line ocrx_word'/>
</head>
<body>
  <div class='ocr_page' id='page_1' title='image "./operasupplement02tacigoog_0061.png"; bbox 0 0 2792 4742; ppageno 0'>
   <div class='ocr_carea' id='block_1_1' title="bbox 412 638 1079 742">
    <p class='ocr_par' dir='ltr' id='par_1_1' title="bbox 412 638 1079 742">
     <span class='ocr_line' id='line_1_1' title="bbox 412 638 1079 742; baseline -0.009 -21"><span class='ocrx_word' id='word_1_1' title='bbox 412 668 783 722; x_wconf 77' lang='lat' dir='ltr'><strong>nrsroarnaun</strong></span> <span class='ocrx_word' id='word_1_2' title='bbox 813 638 967 718; x_wconf 71' lang='lat' dir='ltr'><strong>ernl.</strong></span> <span class='ocrx_word' id='word_1_3' title='bbox 1041 670 1079 742; x_wconf 84' lang='lat'><strong>55</strong></span> 
     </span>
    </p>
   </div>
   <div class='ocr_carea' id='block_1_2' title="bbox 196 754 1212 3580">
    <p class='ocr_par' dir='ltr' id='par_1_2' title="bbox 299 754 1212 2074">
     <span class='ocr_line' id='line_1_2' title="bbox 303 754 1210 866; baseline -0.009 -24"><span class='ocrx_word' id='word_1_4' title='bbox 303 754 499 855; x_wconf 77' lang='lat' dir='ltr'><strong>Vindice,</strong></span> <span class='ocrx_word' id='word_1_5' title='bbox 534 754 741 840; x_wconf 74' lang='lat' dir='ltr'><strong>indiderant.</strong></span> <span class='ocrx_word' id='word_1_6' title='bbox 784 764 890 866; x_wconf 83' lang='lat' dir='ltr'>Igitur</span> <span class='ocrx_word' id='word_1_7' title='bbox 922 765 1210 865; x_wconf 75' lang='lat' dir='ltr'><strong>Sequanis-</strong></span> 
     </span>
     <span class='ocr_line' id='line_1_3' title="bbox 303 864 1212 967; baseline -0.007 -25"><span class='ocrx_word' id='word_1_8' title='bbox 303 868 497 967; x_wconf 82' lang='lat' dir='ltr'><strong>AEduisque</strong></span> <span class='ocrx_word' id='word_1_9' title='bbox 511 884 535 957; x_wconf 70' lang='lat'><strong>,&#39;&#39;</strong></span> <span class='ocrx_word' id='word_1_10' title='bbox 550 889 589 938; x_wconf 82' lang='lat' dir='ltr'><strong>ac</strong></span> <span class='ocrx_word' id='word_1_11' title='bbox 605 864 733 939; x_wconf 92' lang='lat' dir='ltr'><strong>deinde</strong></span> <span class='ocrx_word' id='word_1_12' title='bbox 749 921 759 951; x_wconf 95' lang='lat'><strong>,</strong></span> <span class='ocrx_word' id='word_1_13' title='bbox 784 888 884 965; x_wconf 89' lang='lat' dir='ltr'><strong>prout</strong></span> <span class='ocrx_word' id='word_1_14' title='bbox 909 864 1084 965; x_wconf 88' lang='lat' dir='ltr'><strong>opulentia</strong></span> <span class='ocrx_word' id='word_1_15' title='bbox 1096 866 1128 917; x_wconf 74' lang='grc' dir='ltr'><strong>Α·</strong></span> <span class='ocrx_word' id='word_1_16' title='bbox 1138 868 1167 916; x_wconf 77' lang='lat' dir='ltr'><strong>U·</strong></span> <span class='ocrx_word' id='word_1_17' title='bbox 1179 868 1212 919; x_wconf 76' lang='lat' dir='ltr'><strong>C·</strong></span> 
     </span>
     <span class='ocr_line' id='line_1_4' title="bbox 300 956 1188 1067; baseline -0.003 -24"><span class='ocrx_word' id='word_1_18' title='bbox 300 970 504 1043; x_wconf 83' lang='lat' dir='ltr'><strong>civitatibus</strong></span> <span class='ocrx_word' id='word_1_19' title='bbox 525 960 623 1055; x_wconf 69' lang='lat' dir='ltr'><strong>erat}</strong></span> <span class='ocrx_word' id='word_1_20' title='bbox 647 964 795 1053; x_wconf 79' lang='lat' dir='ltr'><strong>infensi,</strong></span> <span class='ocrx_word' id='word_1_21' title='bbox 820 965 1083 1067; x_wconf 72' lang='lat' dir='ltr'>expugnationes</span> <span class='ocrx_word' id='word_1_22' title='bbox 1124 956 1188 1012; x_wconf 79' lang='lat'><strong>⁸²²·</strong></span> 
     </span>
     <span class='ocr_line' id='line_1_5' title="bbox 303 1054 1189 1169; baseline -0.001 -26"><span class='ocrx_word' id='word_1_23' title='bbox 303 1070 473 1157; x_wconf 88' lang='lat' dir='ltr'><strong>urbium,</strong></span> <span class='ocrx_word' id='word_1_24' title='bbox 499 1066 735 1169; x_wconf 83' lang='lat' dir='ltr'><strong>populationes</strong></span> <span class='ocrx_word' id='word_1_25' title='bbox 761 1092 944 1167; x_wconf 88' lang='lat' dir='ltr'><strong>agrorum,</strong></span> <span class='ocrx_word' id='word_1_26' title='bbox 970 1091 1081 1169; x_wconf 88' lang='lat' dir='ltr'><strong>raptus</strong></span> <span class='ocrx_word' id='word_1_27' title='bbox 1117 1055 1141 1105; x_wconf 68' lang='lat' dir='ltr'><strong>J·</strong></span> <span class='ocrx_word' id='word_1_28' title='bbox 1157 1054 1189 1104; x_wconf 60' lang='grc' dir='ltr'><strong>Ο·</strong></span> 
     </span>
     <span class='ocr_line' id='line_1_6' title="bbox 302 1146 1180 1271; baseline -0.003 -27"><span class='ocrx_word' id='word_1_29' title='bbox 302 1172 486 1271; x_wconf 87' lang='lat' dir='ltr'><strong>penatium</strong></span> <span class='ocrx_word' id='word_1_30' title='bbox 502 1166 684 1241; x_wconf 85' lang='lat' dir='ltr'><strong>hauserunt</strong></span> <span class='ocrx_word' id='word_1_31' title='bbox 695 1168 835 1241; x_wconf 86' lang='lat' dir='ltr'><strong>animo:</strong></span> <span class='ocrx_word' id='word_1_32' title='bbox 855 1165 950 1266; x_wconf 89' lang='lat' dir='ltr'><strong>super</strong></span> <span class='ocrx_word' id='word_1_33' title='bbox 974 1170 1082 1243; x_wconf 88' lang='lat' dir='ltr'><strong>avari·</strong></span> <span class='ocrx_word' id='word_1_34' title='bbox 1133 1146 1180 1207; x_wconf 81' lang='lat'><strong>⁶9·</strong></span> 
     </span>
     <span class='ocr_line' id='line_1_7' title="bbox 301 1267 1083 1371; baseline 0 -28"><span class='ocrx_word' id='word_1_35' title='bbox 301 1267 392 1343; x_wconf 85' lang='lat' dir='ltr'><strong>tiam</strong></span> <span class='ocrx_word' id='word_1_36' title='bbox 402 1282 439 1345; x_wconf 69' lang='grc' dir='ltr'><strong>ὅ(</strong></span> <span class='ocrx_word' id='word_1_37' title='bbox 449 1269 692 1371; x_wconf 83' lang='lat' dir='ltr'><strong>arrogantiam,</strong></span> <span class='ocrx_word' id='word_1_38' title='bbox 704 1268 867 1369; x_wconf 80' lang='lat' dir='ltr'><strong>praecipua</strong></span> <span class='ocrx_word' id='word_1_39' title='bbox 877 1267 1083 1343; x_wconf 86' lang='lat' dir='ltr'><strong>validiorum</strong></span> 
     </span>
     <span class='ocr_line' id='line_1_8' title="bbox 302 1368 1081 1471; baseline -0.004 -25"><span class='ocrx_word' id='word_1_40' title='bbox 302 1374 412 1462; x_wconf 84' lang='lat' dir='ltr'><strong>vitia,</strong></span> <span class='ocrx_word' id='word_1_41' title='bbox 435 1370 650 1443; x_wconf 60' lang='lat' dir='ltr'><strong>contumacis</strong></span> <span class='ocrx_word' id='word_1_42' title='bbox 662 1368 842 1442; x_wconf 85' lang='lat' dir='ltr'><strong>Gallorum</strong></span> <span class='ocrx_word' id='word_1_43' title='bbox 854 1370 981 1443; x_wconf 85' lang='lat' dir='ltr'><strong>inritati</strong></span> <span class='ocrx_word' id='word_1_44' title='bbox 995 1426 1006 1458; x_wconf 93' lang='lat'><strong>,</strong></span> <span class='ocrx_word' id='word_1_45' title='bbox 1020 1372 1081 1471; x_wconf 90' lang='lat' dir='ltr'><strong>qui</strong></span> 
     </span>
     <span class='ocr_line' id='line_1_9' title="bbox 309 1468 1079 1569; baseline -0.003 -24"><span class='ocrx_word' id='word_1_46' title='bbox 309 1468 516 1547; x_wconf 70' lang='lat' dir='ltr'><strong>«remissam</strong></span> <span class='ocrx_word' id='word_1_47' title='bbox 529 1470 592 1543; x_wconf 87' lang='lat' dir='ltr'><strong>srbi</strong></span> <span class='ocrx_word' id='word_1_48' title='bbox 606 1500 626 1543; x_wconf 90' lang='lat' dir='ltr'><strong>a</strong></span> <span class='ocrx_word' id='word_1_49' title='bbox 640 1470 751 1543; x_wconf 71' lang='lat' dir='ltr'><strong>Galba</strong></span> <span class='ocrx_word' id='word_1_50' title='bbox 764 1494 920 1569; x_wconf 85' lang='lat' dir='ltr'><strong>quartam</strong></span> <span class='ocrx_word' id='word_1_51' title='bbox 937 1471 1079 1545; x_wconf 88' lang='lat' dir='ltr'><strong>tributo-</strong></span> 
     </span>
     <span class='ocr_line' id='line_1_10' title="bbox 301 1570 1081 1672; baseline 0.008 -32"><span class='ocrx_word' id='word_1_52' title='bbox 301 1600 411 1646; x_wconf 65' lang='lat' dir='ltr'><strong>mrum</strong></span> <span class='ocrx_word' id='word_1_53' title='bbox 436 1598 597 1672; x_wconf 81' lang='lat' dir='ltr'><strong>partem,</strong></span> <span class='ocrx_word' id='word_1_54' title='bbox 622 1582 660 1645; x_wconf 73' lang='grc' dir='ltr'><strong>δι</strong></span> <span class='ocrx_word' id='word_1_55' title='bbox 684 1570 819 1671; x_wconf 69' lang='lat' dir='ltr'><strong>publice</strong></span> <span class='ocrx_word' id='word_1_56' title='bbox 845 1571 1013 1661; x_wconf 90' lang='lat' dir='ltr'><strong>donatos,</strong></span> <span class='ocrx_word' id='word_1_57' title='bbox 1042 1572 1081 1646; x_wconf 85' lang='lat' dir='ltr'><strong>in</strong></span> 
     </span>
     <span class='ocr_line' id='line_1_11' title="bbox 299 1669 1079 1775; baseline 0.003 -32"><span class='ocrx_word' id='word_1_58' title='bbox 299 1673 563 1775; x_wconf 62' lang='lat' dir='ltr'><strong>»ignominiam</strong></span> <span class='ocrx_word' id='word_1_59' title='bbox 590 1669 784 1745; x_wconf 70' lang='lat' dir='ltr'><strong>exercitiis»</strong></span> <span class='ocrx_word' id='word_1_60' title='bbox 799 1672 975 1769; x_wconf 63' lang='lat' dir='ltr'><strong>jadiabant.</strong></span> <span class='ocrx_word' id='word_1_61' title='bbox 1006 1672 1079 1745; x_wconf 83' lang='lat' dir='ltr'><strong>Ac-</strong></span> 
     </span>
     <span class='ocr_line' id='line_1_12' title="bbox 302 1772 1076 1871; baseline -0.001 -25"><span class='ocrx_word' id='word_1_62' title='bbox 302 1774 397 1847; x_wconf 84' lang='lat' dir='ltr'><strong>celsrr</strong></span> <span class='ocrx_word' id='word_1_63' title='bbox 408 1772 528 1845; x_wconf 70' lang='lat' dir='ltr'><strong>callide</strong></span> <span class='ocrx_word' id='word_1_64' title='bbox 540 1772 736 1871; x_wconf 87' lang='lat' dir='ltr'><strong>vulgatum,</strong></span> <span class='ocrx_word' id='word_1_65' title='bbox 750 1773 1076 1861; x_wconf 88' lang='lat' dir='ltr'><strong>temere-creditum,</strong></span> 
     </span>
     <span class='ocr_line' id='line_1_13' title="bbox 307 1872 1077 1986; baseline -0.003 -39"><span class='ocrx_word' id='word_1_66' title='bbox 307 1873 519 1947; x_wconf 67' lang='lat' dir='ltr'><strong>«decumani</strong></span> <span class='ocrx_word' id='word_1_67' title='bbox 532 1872 707 1973; x_wconf 85' lang='lat' dir='ltr'><strong>legiones,</strong></span> <span class='ocrx_word' id='word_1_68' title='bbox 731 1883 768 1969; x_wconf 69' lang='grc' dir='ltr'><strong>ὃς</strong></span> <span class='ocrx_word' id='word_1_69' title='bbox 792 1872 1077 1986; x_wconf 76' lang='lat' dir='ltr'><strong>promptissimum</strong></span> 
     </span>
     <span class='ocr_line' id='line_1_14' title="bbox 299 1971 1077 2074; baseline 0.001 -31"><span class='ocrx_word' id='word_1_70' title='bbox 299 1998 511 2074; x_wconf 63' lang='lat' dir='ltr'><strong>»quemque</strong></span> <span class='ocrx_word' id='word_1_71' title='bbox 522 1973 759 2046; x_wconf 86' lang='lat' dir='ltr'><strong>centurionum</strong></span> <span class='ocrx_word' id='word_1_72' title='bbox 773 1971 902 2045; x_wconf 84' lang='lat' dir='ltr'><strong>drmitti</strong></span> <span class='ocrx_word' id='word_1_73' title='bbox 912 2007 934 2038; x_wconf 70' lang='lat' dir='ltr'>n</span> <span class='ocrx_word' id='word_1_74' title='bbox 950 2002 959 2043; x_wconf 71' lang='grc' dir='ltr'><strong>ε</strong></span> <span class='ocrx_word' id='word_1_75' title='bbox 975 1972 1077 2045; x_wconf 64' lang='lat' dir='ltr'><strong>undiss</strong></span> 
     </span>
    </p>

    <p class='ocr_par' dir='ltr' id='par_1_3' title="bbox 196 2070 1077 2757">
     <span class='ocr_line' id='line_1_15' title="bbox 196 2070 1076 2175; baseline 0 -30"><span class='ocrx_word' id='word_1_76' title='bbox 196 2140 200 2145; x_wconf 84' lang='grc'><em>,</em></span> <span class='ocrx_word' id='word_1_77' title='bbox 302 2102 376 2175; x_wconf 90' lang='lat' dir='ltr'><strong>que</strong></span> <span class='ocrx_word' id='word_1_78' title='bbox 390 2098 516 2146; x_wconf 88' lang='lat' dir='ltr'><strong>atroces</strong></span> <span class='ocrx_word' id='word_1_79' title='bbox 527 2072 658 2162; x_wconf 91' lang='lat' dir='ltr'><strong>nuntii,</strong></span> <span class='ocrx_word' id='word_1_80' title='bbox 669 2071 795 2145; x_wconf 77' lang='lat' dir='ltr'><strong>sinistra</strong></span> <span class='ocrx_word' id='word_1_81' title='bbox 808 2100 848 2145; x_wconf 86' lang='lat' dir='ltr'><strong>ex</strong></span> <span class='ocrx_word' id='word_1_82' title='bbox 862 2072 958 2147; x_wconf 89' lang='lat' dir='ltr'><strong>Urbe</strong></span> <span class='ocrx_word' id='word_1_83' title='bbox 970 2070 1076 2171; x_wconf 87' lang='lat' dir='ltr'><strong>fama;</strong></span> 
     </span>
     <span class='ocr_line' id='line_1_16' title="bbox 300 2172 1076 2274; baseline -0.001 -26"><span class='ocrx_word' id='word_1_84' title='bbox 300 2172 439 2248; x_wconf 83' lang='lat' dir='ltr'><strong>infensa</strong></span> <span class='ocrx_word' id='word_1_85' title='bbox 451 2172 680 2274; x_wconf 78' lang='lat' dir='ltr'><strong>Lugdunensis</strong></span> <span class='ocrx_word' id='word_1_86' title='bbox 693 2172 851 2261; x_wconf 85' lang='lat' dir='ltr'><strong>colonia,</strong></span> <span class='ocrx_word' id='word_1_87' title='bbox 866 2174 1076 2271; x_wconf 86' lang='lat' dir='ltr'><strong>&amp;pertinaci</strong></span> 
     </span>
     <span class='ocr_line' id='line_1_17' title="bbox 299 2271 1077 2377; baseline 0.003 -32"><span class='ocrx_word' id='word_1_88' title='bbox 299 2301 367 2377; x_wconf 90' lang='lat' dir='ltr'><strong>pro</strong></span> <span class='ocrx_word' id='word_1_89' title='bbox 382 2275 519 2346; x_wconf 85' lang='lat' dir='ltr'><strong>Nerone</strong></span> <span class='ocrx_word' id='word_1_90' title='bbox 534 2274 604 2347; x_wconf 87' lang='lat' dir='ltr'><strong>fide</strong></span> <span class='ocrx_word' id='word_1_91' title='bbox 619 2271 767 2346; x_wconf 83' lang='lat' dir='ltr'><strong>fecunda</strong></span> <span class='ocrx_word' id='word_1_92' title='bbox 782 2272 985 2345; x_wconf 88' lang='lat' dir='ltr'><strong>rumoribus.</strong></span> <span class='ocrx_word' id='word_1_93' title='bbox 1009 2274 1077 2347; x_wconf 88' lang='lat' dir='ltr'><strong>Sed</strong></span> 
     </span>
     <span class='ocr_line' id='line_1_18' title="bbox 298 2371 1076 2475; baseline 0.004 -30"><span class='ocrx_word' id='word_1_94' title='bbox 298 2373 448 2475; x_wconf 88' lang='lat' dir='ltr'><strong>plurima</strong></span> <span class='ocrx_word' id='word_1_95' title='bbox 479 2374 525 2446; x_wconf 88' lang='lat' dir='ltr'><strong>ad</strong></span> <span class='ocrx_word' id='word_1_96' title='bbox 558 2374 760 2475; x_wconf 88' lang='lat' dir='ltr'><strong>fingendum</strong></span> <span class='ocrx_word' id='word_1_97' title='bbox 794 2371 1076 2473; x_wconf 87' lang='lat' dir='ltr'><strong>credendumque</strong></span> 
     </span>
     <span class='ocr_line' id='line_1_19' title="bbox 299 2474 1075 2573; baseline 0 -26"><span class='ocrx_word' id='word_1_98' title='bbox 299 2474 460 2548; x_wconf 89' lang='lat' dir='ltr'><strong>materies</strong></span> <span class='ocrx_word' id='word_1_99' title='bbox 491 2476 530 2545; x_wconf 90' lang='lat' dir='ltr'><strong>in</strong></span> <span class='ocrx_word' id='word_1_100' title='bbox 557 2474 632 2573; x_wconf 81' lang='lat' dir='ltr'><strong>ipsrs</strong></span> <span class='ocrx_word' id='word_1_101' title='bbox 659 2475 797 2561; x_wconf 88' lang='lat' dir='ltr'><strong>castris,</strong></span> <span class='ocrx_word' id='word_1_102' title='bbox 823 2474 932 2562; x_wconf 85' lang='lat' dir='ltr'><strong>odio,</strong></span> <span class='ocrx_word' id='word_1_103' title='bbox 956 2501 1075 2565; x_wconf 89' lang='lat' dir='ltr'><strong>metu,</strong></span> 
     </span>
     <span class='ocr_line' id='line_1_20' title="bbox 299 2571 1074 2671; baseline -0.001 -22"><span class='ocrx_word' id='word_1_104' title='bbox 299 2586 338 2649; x_wconf 73' lang='grc' dir='ltr'><strong>δι</strong></span> <span class='ocrx_word' id='word_1_105' title='bbox 348 2634 360 2665; x_wconf 83' lang='grc'><strong><em>,</em></strong></span> <span class='ocrx_word' id='word_1_106' title='bbox 383 2574 447 2648; x_wconf 90' lang='lat' dir='ltr'><strong>ubi</strong></span> <span class='ocrx_word' id='word_1_107' title='bbox 474 2576 566 2645; x_wconf 85' lang='lat' dir='ltr'><strong>vires</strong></span> <span class='ocrx_word' id='word_1_108' title='bbox 593 2571 665 2645; x_wconf 84' lang='lat' dir='ltr'><strong>suas</strong></span> <span class='ocrx_word' id='word_1_109' title='bbox 693 2572 929 2671; x_wconf 80' lang='lat' dir='ltr'><strong>respexerant,</strong></span> <span class='ocrx_word' id='word_1_110' title='bbox 949 2572 1074 2649; x_wconf 84' lang='lat' dir='ltr'><strong>secuti-</strong></span> 
     </span>
     <span class='ocr_line' id='line_1_21' title="bbox 299 2680 737 2757; baseline -0.002 -8"><span class='ocrx_word' id='word_1_111' title='bbox 299 2680 379 2749; x_wconf 81' lang='lat' dir='ltr'><strong>t&#39;ate.</strong></span> <span class='ocrx_word' id='word_1_112' title='bbox 734 2752 737 2757; x_wconf 75' lang='grc'>,</span> 
     </span>
    </p>

    <p class='ocr_par' dir='ltr' id='par_1_4' title="bbox 295 2762 1172 3177">
     <span class='ocr_line' id='line_1_22' title="bbox 353 2762 1075 2875; baseline 0.003 -27"><span class='ocrx_word' id='word_1_113' title='bbox 353 2762 429 2849; x_wconf 91' lang='lat' dir='ltr'><strong>Lll.</strong></span> <span class='ocrx_word' id='word_1_114' title='bbox 441 2768 609 2874; x_wconf 80' lang='lat' dir='ltr'><strong>Suo&#39;ipsas</strong></span> <span class='ocrx_word' id='word_1_115' title='bbox 623 2769 798 2875; x_wconf 81' lang='lat' dir='ltr'><strong>superioris</strong></span> <span class='ocrx_word' id='word_1_116' title='bbox 810 2770 891 2845; x_wconf 88' lang='lat' dir='ltr'><strong>anni</strong></span> <span class='ocrx_word' id='word_1_117' title='bbox 902 2771 1075 2849; x_wconf 82' lang='lat' dir='ltr'><strong>Kalendas</strong></span> 
     </span>
     <span class='ocr_line' id='line_1_23' title="bbox 298 2872 1072 2963; baseline 0 -12"><span class='ocrx_word' id='word_1_118' title='bbox 298 2872 514 2951; x_wconf 86' lang='lat' dir='ltr'><strong>Decembres</strong></span> <span class='ocrx_word' id='word_1_119' title='bbox 531 2872 639 2945; x_wconf 89' lang='lat' dir='ltr'><strong>Aulus</strong></span> <span class='ocrx_word' id='word_1_120' title='bbox 656 2873 844 2963; x_wconf 87' lang='lat' dir='ltr'><strong>Vitellius,</strong></span> <span class='ocrx_word' id='word_1_121' title='bbox 871 2872 1072 2951; x_wconf 85' lang='lat' dir='ltr'><strong>inferiorem</strong></span> 
     </span>
     <span class='ocr_line' id='line_1_24' title="bbox 299 2972 1172 3077; baseline 0 -28"><span class='ocrx_word' id='word_1_122' title='bbox 299 2975 525 3049; x_wconf 87' lang='lat' dir='ltr'><strong>Germaniam</strong></span> <span class='ocrx_word' id='word_1_123' title='bbox 539 2972 721 3075; x_wconf 79' lang='lat' dir='ltr'><strong>ingressus,</strong></span> <span class='ocrx_word' id='word_1_124' title='bbox 739 2975 880 3051; x_wconf 89' lang='lat' dir='ltr'><strong>hiberna</strong></span> <span class='ocrx_word' id='word_1_125' title='bbox 894 2975 1072 3077; x_wconf 88' lang='lat' dir='ltr'><strong>legionum</strong></span> <span class='ocrx_word' id='word_1_126' title='bbox 1169 3018 1172 3023; x_wconf 37' lang='lat' dir='ltr'>v</span> 
     </span>
     <span class='ocr_line' id='line_1_25' title="bbox 295 3074 1071 3177; baseline -0.003 -27"><span class='ocrx_word' id='word_1_127' title='bbox 295 3106 381 3150; x_wconf 84' lang='lat' dir='ltr'><strong>cum</strong></span> <span class='ocrx_word' id='word_1_128' title='bbox 393 3075 471 3149; x_wconf 71' lang='lat' dir='ltr'><strong>curti</strong></span> <span class='ocrx_word' id='word_1_129' title='bbox 485 3074 615 3147; x_wconf 88' lang='lat' dir='ltr'><strong>adierat</strong></span> <span class='ocrx_word' id='word_1_130' title='bbox 623 3103 635 3147; x_wconf 66' lang='lat' dir='ltr'><strong>&#39;z</strong></span> <span class='ocrx_word' id='word_1_131' title='bbox 659 3076 785 3151; x_wconf 89' lang='lat' dir='ltr'><strong>redditi</strong></span> <span class='ocrx_word' id='word_1_132' title='bbox 799 3074 965 3177; x_wconf 87' lang='lat' dir='ltr'><strong>plerisque</strong></span> <span class='ocrx_word' id='word_1_133' title='bbox 980 3075 1071 3149; x_wconf 89' lang='lat' dir='ltr'><strong>ordi-</strong></span> 
     </span>
    </p>

    <p class='ocr_par' dir='ltr' id='par_1_5' title="bbox 211 3171 1071 3580">
     <span class='ocr_line' id='line_1_26' title="bbox 211 3171 1071 3275; baseline -0.003 -25"><span class='ocrx_word' id='word_1_134' title='bbox 211 3202 217 3212; x_wconf 82' lang='lat'>·</span> <span class='ocrx_word' id='word_1_135' title='bbox 299 3206 386 3266; x_wconf 88' lang='lat' dir='ltr'><strong>nes,</strong></span> <span class='ocrx_word' id='word_1_136' title='bbox 404 3171 535 3249; x_wconf 82' lang='lat' dir='ltr'><strong>remilla</strong></span> <span class='ocrx_word' id='word_1_137' title='bbox 550 3176 766 3275; x_wconf 81' lang='lat' dir='ltr'><strong>ignominia,</strong></span> <span class='ocrx_word' id='word_1_138' title='bbox 786 3176 945 3249; x_wconf 78' lang='lat' dir='ltr'><strong>adlevatae</strong></span> <span class='ocrx_word' id='word_1_139' title='bbox 960 3203 1071 3249; x_wconf 76' lang='lat' dir='ltr'><strong>notaea</strong></span> 
     </span>
     <span class='ocr_line' id='line_1_27' title="bbox 297 3274 1070 3381; baseline -0.001 -32"><span class='ocrx_word' id='word_1_140' title='bbox 297 3278 397 3381; x_wconf 89' lang='lat' dir='ltr'><strong>plura</strong></span> <span class='ocrx_word' id='word_1_141' title='bbox 424 3277 638 3365; x_wconf 86' lang='lat' dir='ltr'><strong>ambitione,</strong></span> <span class='ocrx_word' id='word_1_142' title='bbox 665 3274 820 3376; x_wconf 72' lang='lat' dir='ltr'><strong>quedam</strong></span> <span class='ocrx_word' id='word_1_143' title='bbox 850 3276 1003 3375; x_wconf 85' lang='lat' dir='ltr'><strong>judicio:</strong></span> <span class='ocrx_word' id='word_1_144' title='bbox 1031 3276 1070 3348; x_wconf 92' lang='lat' dir='ltr'><strong>in</strong></span> 
     </span>
     <span class='ocr_line' id='line_1_28' title="bbox 298 3376 1069 3477; baseline -0.004 -28"><span class='ocrx_word' id='word_1_145' title='bbox 298 3378 424 3477; x_wconf 86' lang='lat' dir='ltr'><strong>quibus</strong></span> <span class='ocrx_word' id='word_1_146' title='bbox 439 3376 573 3450; x_wconf 88' lang='lat' dir='ltr'><strong>sordem</strong></span> <span class='ocrx_word' id='word_1_147' title='bbox 594 3378 820 3453; x_wconf 88' lang='lat' dir='ltr'><strong>&amp;avaritiam</strong></span> <span class='ocrx_word' id='word_1_148' title='bbox 843 3378 976 3451; x_wconf 87' lang='lat' dir='ltr'><strong>Fonteii</strong></span> <span class='ocrx_word' id='word_1_149' title='bbox 997 3378 1069 3447; x_wconf 63' lang='lat' dir='ltr'><strong>Ca«</strong></span> 
     </span>
     <span class='ocr_line' id='line_1_29' title="bbox 284 3474 1068 3580; baseline 0.001 -32"><span class='ocrx_word' id='word_1_150' title='bbox 284 3478 426 3577; x_wconf 69' lang='lat' dir='ltr'><strong>”pisonis</strong></span> <span class='ocrx_word' id='word_1_151' title='bbox 438 3536 448 3566; x_wconf 92' lang='lat'>‚</span> <span class='ocrx_word' id='word_1_152' title='bbox 462 3476 652 3550; x_wconf 88' lang='lat' dir='ltr'><strong>adimendis</strong></span> <span class='ocrx_word' id='word_1_153' title='bbox 667 3476 920 3580; x_wconf 80' lang='lat' dir='ltr'><strong>adfignandisve</strong></span> <span class='ocrx_word' id='word_1_154' title='bbox 938 3474 1068 3549; x_wconf 80' lang='lat' dir='ltr'><strong>militiae</strong></span> 
     </span>
    </p>
   </div>
   <div class='ocr_carea' id='block_1_3' title="bbox 293 3576 1068 3751">
    <p class='ocr_par' dir='ltr' id='par_1_6' title="bbox 293 3576 1068 3751">
     <span class='ocr_line' id='line_1_30' title="bbox 293 3576 1068 3751; baseline 0.001 -100"><span class='ocrx_word' id='word_1_155' title='bbox 293 3576 500 3670; x_wconf 76' lang='lat' dir='ltr'><strong>ord&#39;mibus,</strong></span> <span class='ocrx_word' id='word_1_156' title='bbox 520 3578 651 3682; x_wconf 86' lang='lat' dir='ltr'><strong>integre</strong></span> <span class='ocrx_word' id='word_1_157' title='bbox 670 3577 969 3751; x_wconf 75' lang='lat' dir='ltr'><strong>mutaverat.CNec</strong></span> <span class='ocrx_word' id='word_1_158' title='bbox 983 3604 1068 3669; x_wconf 55' lang='lat' dir='ltr'><strong>conf</strong></span> 
     </span>
     <span class='ocr_line' id='line_1_31' title="bbox 927 3701 962 3751; baseline 0.114 -4"><span class='ocrx_word' id='word_1_159' title='bbox 927 3701 962 3751; x_wconf 77' lang='lat' dir='ltr'><strong>ru</strong></span> 
     </span>
    </p>
   </div>
   <div class='ocr_carea' id='block_1_4' title="bbox 0 0 1400 4742">
    <p class='ocr_par' dir='ltr' id='par_1_7' title="bbox 0 0 1400 4742">
     <span class='ocr_line' id='line_1_32' title="bbox 0 0 1400 4742; baseline 0 3"><span class='ocrx_word' id='word_1_160' title='bbox 0 0 1400 4742; x_wconf 95' lang='lat' dir='ltr'><strong> </strong></span> 
     </span>
    </p>
   </div>
  </div>
 </body>
</html>
