2792 4742
417 618 752 718 ram-romanon
778 638 873 717 Lre.
903 644 963 717 111.
1019 666 1093 744 235¹
1153 681 1154 686 ,

317 763 448 854 nibus,
482 763 528 837 ad
553 792 655 839 naves
681 762 895 864 regreditur:
923 763 1089 856 Maturo,
1105 805 1220 855 Ξ

318 865 505 964 ceterisque
518 892 694 939 remanere
708 922 718 955 ,
744 875 780 939 ὃ(
793 865 829 937 in
842 862 946 937 verba
959 866 1090 969 Vespa·
1103 880 1133 929 Α.
1145 882 1175 930 u.
1187 882 1221 935 e.

317 966 399 1041 srani
423 966 517 1067 adigi
540 966 733 1040 volentibus
754 962 830 1039 fuit.
863 965 1029 1041 Ceterum
1051 996 1089 1043 ut
1126 971 1194 1027 ⁸2²·

316 1072 413 1142 mate
437 1069 541 1141 tutius
564 1066 735 1155 Valenti,
759 1066 864 1167 quim
881 1064 1006 1158 litora,
1030 1096 1087 1143 aut
1123 1065 1147 1115 ³·
1169 1066 1203 1123 ς*

315 1169 442 1264 urbes,
471 1170 520 1241 ita
548 1163 653 1241 futuri
678 1166 859 1267 ambiguus
875 1225 892 1269 ,Ι
912 1180 949 1245 &
978 1172 1087 1273 magis
1140 1158 1189 1216 ⁶⁹·

315 1270 402 1371 quid
416 1270 568 1358 vitaret,
583 1268 687 1368 quam
707 1270 762 1342 cui
782 1267 928 1359 fideret,
953 1297 1086 1362 certus,

313 1368 452 1445 adversi
465 1374 661 1471 tempestate
674 1368 889 1459 Stoechadas,
902 1372 1089 1445 Massilien·

215 1521 220 1527 -
313 1470 399 1544 frum
412 1469 557 1561 insulas,
577 1469 752 1545 adfertur:
778 1470 829 1543 ibi
850 1500 930 1547 eum
948 1471 1085 1547 millaea

311 1572 466 1645 Paullino
483 1572 654 1655 liburnicae
668 1569 868 1675 oppressere.

361 1674 492 1749 XLlV.
524 1676 655 1749 Canuo
691 1672 868 1762 Valente,
891 1678 1010 1745 cunila
1037 1672 1082 1747 ad

308 1772 444 1847 vilioris
466 1801 548 1874 opes
568 1771 750 1859 conversa,
774 1772 873 1846 initio
887 1800 946 1871 per
963 1772 1083 1873 Hispa-

309 1875 408 1946 niam
432 1903 452 1947 a
477 1872 587 1974 primi
614 1872 793 1968 Adjutrice
818 1871 953 1972 legione
977 1897 1084 1961 orto,

307 2000 385 2072 quae
400 1972 568 2045 memorii
580 1973 754 2061 Othonis,
770 1970 900 2046 infensa
912 1970 1057 2045 Vitellio
1070 2028 1087 2061 ,.

309 2075 484 2147 decimam
506 2101 644 2172 quoque
665 2101 704 2164 ac
729 2070 856 2145 sextam
876 2072 983 2147 traicit.
1007 2074 1082 2145 Nec
1176 2132 1178 2138 .

307 2172 427 2264 Gallia
443 2175 697 2246 cunebabantur.
725 2176 766 2245 Et
779 2172 1011 2260 Britanniam,
1030 2174 1081 2245 in·

306 2273 404 2347 clitus
421 2300 501 2375 erga
512 2271 756 2375 Vespastanum
771 2270 890 2365 favor,
902 2273 997 2373 qubd
1009 2271 1080 2345 illic

306 2371 459 2450 secunda
484 2372 614 2477 legioni
640 2404 661 2449 a
688 2375 837 2451 Claudio
865 2372 1082 2482 praep'olirus,

305 2486 342 2552 &
358 2476 452 2549 bello
467 2476 573 2549 clarus
588 2505 725 2577 egerat,
742 2508 812 2554 non
827 2480 1006 2555 fine'motu
1020 2480 1080 2555 ad-

306 2576 417 2685 junxit
445 2600 679 2666 ceterarum,
706 2574 743 2653 iri
772 2581 895 2677 quibus
948 2579 1079 2679 letique

305 2680 520 2759 centuriones
545 2707 582 2751 ac
610 2675 759 2769 milites,
787 2708 807 2749 a
829 2607 974 2754 Vitellio
997 2705 1078 2781 pro-

305 2783 430 2870 verri,
462 2804 639 2882 expertum
667 2788 738 2879 jam
765 2779 959 2882 Principem
987 2780 1079 2866 anxii

305 2881 496 2961 mutabant.
672 2941 676 2952 .

352 2984 467 3060 XLV.
491 2983 545 3052 Ea
571 2975 763 3072 discordia,
789 2989 823 3053 ὃ(
847 2976 971 3051 crebris
993 2978 1077 3054 belli

305 3085 411 3161 civilis
428 3078 644 3166 rumoribus,
666 3080 820 3149 Britanni
835 3076 989 3153 sustulere
1004 3082 1076 3151 ani·
1104 3126 1106 3129 -

305 3215 401 3274 mos,
418 3186 554 3255 auctore
566 3176 720 3253 Venusto
734 3209 741 3249 ι
754 3178 820 3276 ,qui
832 3175 928 3276 super
940 3177 1077 3253 instram
1182 3196 1183 3200 ’

306 3285 496 3370 ferociam,
522 3290 557 3354 &
579 3279 730 3353 Romani
752 3278 901 3351 nominis
928 3279 1076 3369 odium,

305 3386 446 3487 propriis
468 3383 504 3454 in
523 3378 822 3455 Cattismanduam
844 3378 998 3479 reginam
1021 3378 1077 3448 sti*
1109 3462 1112 3469 Δ

304 3482 408 3559 mulis
434 3475 689 3554 accendebatur.
720 3476 983 3553 Carrismandua
1004 3476 1076 3549 Bri·

302 3581 461 3691 gantibus
474 3577 691 3682 imperitabat
705 3632 716 3669 ‚
730 3578 861 3684 pollens
875 3574 1073 3661 nobilitaret
