2792 4742
367 571 828 684 numerarunt-112.
854 605 918 686 lv.
973 567 1046 707 μὶ

266 730 304 809 ’δε
324 729 424 806 fimul
443 729 617 805 delcetum
641 729 835 829 tributaque
851 729 970 805 Galliae
993 731 1175 812 aiz

266 857 476 937 pernanres:
498 832 670 921 Rhenus,
693 829 870 933 incogniti
890 832 943 906 illi
962 829 1174 910 caeloA·U·⁰·

266 933 438 1024 ficcitate,
461 933 516 1007 vix
529 932 833 1036 naviumpatiens:
853 936 936 1008 arcti
948 963 1044 1010 com·
1078 912 1146 971 ⁸²²·

265 1061 432 1109 meatus:
469 1029 631 1133 dispositae
665 1059 727 1138 per
758 1058 902 1108 ornnem
933 1037 1045 1140 ripam
1086 1035 1158 1149 ,⁶9⁸⁰

265 1137 449 1225 stationes,
468 1162 541 1235 quac
555 1137 748 1210 Germanos
761 1135 851 1210 vado
865 1163 1019 1213 arcerent
1034 1171 1044 1213 ε
1131 1145 1135 1151 ’

268 1236 461 1336 eidemque
482 1235 527 1310 de
551 1235 648 1311 causi
674 1238 787 1311 minus
809 1234 977 1354 frugum,
1008 1252 1046 1316 &

267 1337 400 1441 plures,
413 1337 475 1436 qui
487 1335 737 1413 consumerent.
749 1339 856 1440 Apud
867 1341 1046 1440 tmperitos

267 1439 418 1542 prodigii
439 1439 517 1511 loco
539 1440 768 1542 accipiebatur
788 1440 857 1541 ipsa
880 1467 1046 1540 aquarum

268 1543 434 1644 penuria,
462 1565 640 1642 tamquam
660 1569 723 1616 nos
740 1569 860 1616 amnes
879 1569 1046 1643 quoque,

268 1652 306 1717 δε
316 1667 430 1717 vetera
439 1642 576 1744 imperii
591 1643 819 1731 munimenta,
829 1641 1043 1719 desererent:

268 1743 365 1844 quod
387 1743 424 1814 i'n
451 1769 557 1844 pace,
578 1741 737 1830 «sors»,
760 1742 818 1814 seu
841 1768 1045 1842 enaturaa3

239 1909 249 1928 ,
270 1869 353 1917 tunc
372 1839 513 1914 oe'fatum
527 1851 563 1915 &
577 1841 627 1914 ira
639 1842 744 1931 dein,-
764 1841 957 1914 vocabatur.
985 1847 1047 1917 In-

269 1941 384 2046 gr‘effis
399 1939 606 2031 Novefiu'm,
619 1940 846 2017 sextadecima
858 1940 950 2042 legio
964 1970 1047 2034 con:
1084 1933 1088 1946 ’

269 2044 434 2145 jungitur.
459 2041 608 2118 Additus
625 2041 765 2121 Vocula
784 2043 822 2116 in
838 2063 971 2144 partem
984 2073 1049 2120 cua
1086 2110 1088 2114 ,

270 2171 385 2218 rarum
410 2147 603 2218 Herennius
629 2144 779 2247 Gallus,
800 2143 955 2247 legatus:
982 2173 1047 2221 nec

273 2245 341 2320 ausi
355 2245 399 2320 ad
416 2246 547 2320 hostem
566 2269 626 2347 per
650 2270 732 2336 ere,
754 2245 858 2335 loco,
884 2246 940 2319 cui
960 2245 1048 2349 Gel·

237 2347 602 2436 ,dubanomenestss
652 2344 1049 2423 rafecereristruenda

272 2449 369 2536 acie,
393 2446 584 2521 muniendo
599 2448 852 2547 vallandoque,
875 2458 911 2523 &
926 2449 1050 2524 cereris

272 2545 358 2622 belli
389 2547 647 2620 meditamentis
676 2548 827 2620 militem
854 2547 1049 2622 firmabant.

272 2649 393 2748 thue
414 2643 525 2749 prada
539 2645 583 2719 ad
597 2647 760 2720 virtutem
782 2645 1050 2737 accenderetur,

273 2749 311 2822 in
344 2749 516 2850 proximos
548 2751 792 2851 Cugernorum
825 2775 956 2851 pagos,
987 2749 1050 2848 qui

275 2848 473 2923 societatem
491 2850 613 2924 Civilis
632 2871 858 2950 acceperant,
885 2849 1004 2922 ductus
1026 2878 1049 2924 a

276 2945 412 3023 Vocula
442 2949 616 3022 exercitus.
644 2951 738 3020 ¹Pars
765 2969 856 3022 cum‘
872 2949 1049 3024 Herennio
1112 3037 1115 3042 Ι

276 3045 381 3124 Gallo
403 3045 596 3148 permansit.

328 3147 481 3222 XXVII.
504 3149 624 3221 Fouru
646 3169 794 3238 navem,
819 3146 912 3220 haud
932 3146 1051 3250 procul

278 3250 389 3323 castris
403 3304 414 3337 ,
430 3243 606 3325 frumento
617 3275 780 3348 gravem,
799 3246 877 3321 ciam
892 3276 952 3351 per
964 3250 1061 3326 vada'

280 3345 439 3440 haesrffet,
460 3350 625 3426 Germani
644 3351 680 3424 in
701 3349 795 3425 suam
808 3350 917 3452 ripam
935 3351 1053 3423 trahe-

278 3451 373 3525 bant.
394 3451 474 3524 Non
490 3453 568 3526 tulit
582 3451 720 3541 Gallus,
734 3449 891 3548 misitque
903 3447 1053 3521 subsidio

276 3552 472 3636 cohortem.
504 3553 690 3630 nuens&
711 3554 966 3626 Germanorum
985 3577 1058 3629 nu-
