2792 4742
222 596 224 601 ¹
324 638 374 705 44
440 610 993 687 oconnranmn

195 730 459 815 &Urbem
489 727 594 831 usque
625 729 890 823 resonantibus,
924 730 1100 835 egreffum

196 840 228 891 b
240 843 272 890 U·
284 842 315 893 C·
326 831 463 905 interim
481 832 653 921 Galbam,
675 830 803 907 &foro
820 838 1103 938 appropinquanf
1118 841 1121 845 ’

230 932 297 985 ⁸²²·
327 959 418 1019 tem,
432 926 593 1007 a'll'ecutus
607 957 677 1009 erat
691 962 700 1003 ε
716 942 788 1033 jam
800 935 937 1006 Marius
947 931 1066 1007 Celsus
1080 988 1099 1021 ,

221 1026 248 1077 ³·
267 1026 296 1076 0·
326 1031 417 1107 haud
432 1029 506 1105 laeta
524 1032 706 1121 retulerat:
727 1030 903 1122 cimelii,
922 1034 987 1105 ain
1001 1030 1102 1134 pila-e
1126 1041 1130 1049 '

219 1119 285 1176 .⁶9·
325 1130 920 1233 „tiumrediten,aliitcCapitolium
932 1157 1099 1233 petere»,

326 1230 480 1335 plerique
499 1264 521 1295 α
532 1234 636 1305 rostra
653 1232 879 1335 occupanda»
896 1230 1099 1322 censerent,

326 1332 438 1435 plnres
471 1332 606 1405 tannim
634 1328 811 1407 sententiisv
835 1330 983 1405 aliorum
1012 1360 1102 1406 con-

327 1430 558 1520 tradicerent,
579 1456 684 1531 utque
700 1434 813 1523 evenit
825 1432 863 1505 in
880 1430 1024 1507 consiliis
1040 1432 1101 1503 in-

328 1530 517 1620 felicibus,
539 1533 670 1633 optima
696 1534 919 1619 viderentur,
947 1557 1098 1630 quorum

284 1694 288 1701 ,
329 1655 463 1732 ternpus
476 1629 650 1731 effugeret.
677 1630 829 1734 Agitnffe
842 1636 957 1720 Laco,
976 1632 1125 1729 ignaro*

329 1728 465 1820 Galba,
485 1731 528 1804 de
550 1731 743 1805 occidendo
759 1735 805 1805 T.
819 1732 927 1807 Vinio
949 1729 1098 1820 dicitur,

329 1828 396 1906 sive
415 1856 450 1927 ut
469 1830 570 1933 poenl
589 1840 667 1930 ejus,
681 1834 815 1905 animos
836 1830 988 1904 militum
1007 1830 1100 1902 mul-

243 1996 248 2005 .
329 1956 422 2011 teret
435 1988 447 2021 ,
473 1930 531 2005 seu
548 1930 721 2006 conscium
738 1932 890 2008 Othonis
913 1930 1098 2022 credebat,
1166 1940 1174 1954 ”
1251 1980 1254 1989 =

325 2032 373 2105 nd
385 2034 592 2130 postremum
605 2032 659 2105 vel
670 2033 763 2105 odio.
772 2031 1025 2105 Haesttntionem
1037 2032 1099 2104 ad-

329 2130 407 2205 tulit
421 2153 492 2201 tem
518 2156 555 2201 us
571 2157 609 2201 ac
622 2129 741 2216 locus,
762 2131 867 2228 quia,
884 2130 982 2201 initio
999 2131 1100 2205 caedis

328 2252 429 2318 orto,
445 2228 481 2301 di
520 2225 592 2301 cilis
607 2229 752 2303 modus:
772 2240 809 2303 &
822 2227 999 2302 turbavere
1012 2256 1099 2303 ton-

327 2328 440 2402 filium
469 2328 594 2497 tresidi
620 2329 765 2413 nuntii,
794 2355 833 2398 ac
862 2328 1099 2439 proximorum

327 2426 498 2527 diffugia«,
535 2426 758 2525 urguentibus
776 2451 936 2497 omniurn
956 2427 1097 2519 studiis,
1252 2486 1254 2526 3

328 2528 391 2627 qui
408 2526 521 2629 primb
542 2524 665 2603 alacres
685 2524 793 2599 fidem
816 2550 919 2626 atque
940 2527 1097 2603 animum
1176 2594 1179 2596 r
1250 2557 1254 2628 ρ

328 2630 585 2701 ostentaverant.

328 2780 332 2787 ·
377 2726 662 2800 XLAertnrun
678 2724 744 2798 huc
757 2723 838 2798 illuc
854 2724 967 2800 Galba
977 2784 988 2815 ‚
1000 2726 1096 2812 varie

327 2825 432 2900 turbae
445 2825 636 2899 fluctuantis
649 2823 817 2927 impulsu'3
833 2827 1011 2928 completis
1028 2854 1093 2901 un-

276 2957 278 2963 ’
326 2924 431 3025 dique
447 2924 588 2999 basilicis
606 2954 644 2999 ac
662 2924 822 3027 templis,
847 2926 982 3029 lugubri
997 2926 1109 3027 pros-'

352 3031 428 3098 estu
441 3053 574 3125 :neque
587 3023 725 3127 populi,
739 3051 796 3101 aut
806 3026 914 3129 plebis
926 3026 994 3099 ulla
1006 3055 1071 3101 vox
1083 3058 1093 3099 t

219 3152 221 3161 ’
326 3054 386 3199 led
401 3127 536 3199 attoniti
550 3125 679 3215 vultus,
697 3124 907 3202 &conversae
921 3126 1097 3201 adomnia
1126 3180 1131 3186 -

326 3253 446 3300 eures:
465 3254 537 3301 non
550 3226 739 3317 tumultus,
759 3258 829 3301 non
870 3228 941 3299 uies
960 3256 969 3296 t
994 3227 1097 3323 quale

309 3342 312 3348 '
327 3327 446 3429 magni
462 3328 572 3402 metite
587 3339 623 3403 δι
635 3354 766 3429 magnae
782 3328 836 3397 itae
846 3255 1021 3396 lilentium
1036 3328 1095 3403 est.
1203 3339 1208 3345 '

327 3426 465 3501 Othoni
478 3453 594 3505 tamen
609 3463 629 3494 ε
639 3424 762 3501 armati
776 3422 915 3525 plebem
924 3458 946 3489 υ
961 3425 1097 3499 nuntia-

327 3525 437 3605 batur.
446 3532 499 3607 Ire
508 3529 713 3635 precipites,
725 3534 761 3601 &
772 3550 935 3629 occupare
947 3524 1099 3629 pericula¹
