2792 4742
323 618 396 694 132
456 586 775 669 Geormm
803 589 981 669 Tncrrr

199 717 496 819 apartium,
519 723 589 815 jam
611 712 796 789 Vitellium
816 710 1101 815 aspernantibus}

200 804 233 854 A.
244 805 275 853 υ·
286 804 319 855 ⁰·
329 818 496 904 ambitus,
519 816 666 888 abnuere
679 810 924 913 perseveravit,
944 814 1098 909 sanetus,
1122 864 1125 868 ·

227 892 296 1032 ἕης·
328 915 547 1005 inturbidus,
575 913 700 987 nullius
733 916 901 1017 repentini
930 916 1068 993 honoris
1084 970 1120 1008 ,t

239 1013 302 1127 ᾧ]
328 1018 414 1094 adeo
436 1041 508 1088 non
533 1012 736 1117 principaris
760 1044 801 1116 ap
827 1040 948 1089 erens:
975 1045 1097 1120 parum
1147 1042 1154 1047 “
1242 1023 1243 1049 ¹

328 1117 519 1219 effugerat,
542 1140 585 1189 ne
603 1115 725 1216 dignus
743 1044 946 1189 crederetur.

376 1220 453 1292 XL.
466 1219 596 1289 Faurus
608 1216 747 1289 interim
760 1214 888 1290 Valens
902 1272 913 1306 ,
932 1214 1044 1291 multo
1058 1245 1097 1293 ac

327 1319 426 1394 molli
440 1317 705 1389 concubinarum
719 1313 975 1416 spadonumque
988 1320 1096 1419 agmi·

327 1446 396 1508 ne,
418 1416 551 1518 segnius
574 1417 678 1518 quim
696 1416 740 1489 ad
756 1414 887 1490 bellum
908 1418 1096 1509 incedent,

327 1546 356 1590 τι
363 1518 535 1618 proditam
557 1516 725 1591 aLucilio
747 1514 841 1591 Basso
861 1520 1097 1611 Ravennatem

328 1616 491 1692 „classem
502 1652 523 1685 2
539 1618 730 1722 pernicibus
741 1617 868 1692 nuntiis
881 1620 1020 1719 accepit.
1034 1622 1096 1708 Et,
1141 1638 1144 1649 ·

328 1718 355 1792 st
383 1745 532 1821 coeptum
562 1720 627 1793 iter
656 1715 886 1821 properasset,
916 1744 1096 1793 nutantem

280 1866 286 1875 ·
329 1820 504 1893 Caecinam
516 1822 697 1920 praevenire
710 1875 720 1907 ,
735 1846 813 1911 aut,
826 1846 905 1895 ante
915 1818 1096 1894 discrimen

326 1948 470 2024 pugnae,
491 1919 630 2021 adsequi
651 1920 803 2021 legiones
822 1918 990 2019 potuisset.
1021 1922 1095 1995 Nec

329 2022 492 2107 deerant,
512 2023 571 2120 qui
588 2045 793 2111 monerent,
812 2047 879 2095 «ut
892 2052 972 2097 cum
987 2021 1097 2095 fidiffi-

326 2121 446 2209 amis,
469 2146 528 2222 per
543 2120 694 2195 occultos
711 2120 887 2211 tramites,
908 2124 1013 2196 vitata
1026 2124 1096 2194 Ra-

327 2218 466 2297 avennd
482 2221 702 2310 ,Hostiliam
733 2224 990 2296 Cremonamve
1022 2248 1097 2321 per-

326 2348 492 2421 ageret».
501 2321 590 2393 Aliis
602 2320 771 2421 placebat,
787 2354 807 2383 α
818 2321 930 2392 accitis
944 2346 985 2393 ex
999 2322 1096 2395 Urbe

326 2454 349 2487 a
353 2419 513 2521 praetoriis
533 2418 755 2506 cohortibus,
779 2417 890 2493 valida
904 2444 1008 2493 manu
1024 2446 1099 2524 per-

327 2544 557 2694 urumpere».
584 2516 684 2621 lpse,
708 2517 823 2593 inutili
854 2521 1097 2614 cunctatione,

325 2631 414 2722 ‘agen
441 2622 453 2693 i
468 2645 624 2722 tempora
636 2616 857 2694 consultando
871 2620 1096 2723 consumpsit:

327 2746 410 2792 mor
447 2743 630 2817 utrumque
665 2716 843 2791 confilium
882 2718 1098 2821 aspernatus,

326 2817 425 2918 quod
436 2818 526 2891 inter
537 2816 696 2919 ancipitia
708 2816 933 2892 deterrimum
946 2823 1003 2912 est,
1012 2822 1099 2896 dum

327 2917 444 2992 media
461 2915 633 3017 sequitur,
655 2916 830 2994 neoausus
847 2916 893 2995 est
908 2918 1010 3014 satis,
1033 2950 1097 2998 nec

328 3018 487 3122 providit.

381 3122 475 3194 XLI.
500 3120 665 3197 Mrssrs
689 3118 734 3194 ad
756 3120 941 3197 Vitellium
967 3119 1098 3213 literis,

326 3245 356 3295 tc
365 3220 557 3295 auxilium»
574 3220 726 3324 postulat.
740 3222 879 3298 Venbte
894 3249 960 3297 tres
974 3224 1097 3295 cohor-

326 3347 401 3412 tes,
425 3348 505 3395 cum
523 3321 575 3394 ald
596 3320 812 3423 Britannica,
834 3348 945 3421 neque
966 3321 1009 3393 ad
1035 3319 1096 3395 fas*

328 3422 472 3497 sendum
495 3447 589 3525 aptus
606 3447 792 3511 numerus,
814 3448 924 3521 neque
936 3419 980 3494 ad
992 3445 1098 3520 pene-

328 3524 503 3601 trandum.
517 3522 583 3600 Sed
591 3522 737 3617 Valens,
750 3550 792 3600 ne
803 3520 839 3598 in
851 3547 946 3600 tanto
957 3523 1100 3625 quidem
