2792 4742
372 676 708 734 nrsrournuuu
737 655 831 733 er.
857 658 920 737 Ill.
973 686 1039 758 233

253 778 507 873 discrimine,
533 778 675 853 infamid
703 784 831 873 caruit,
886 782 1044 877 uominus
1057 811 1175 859 &1

278 911 394 988 rapere
409 884 553 958 inlicitas
567 881 781 985 voluptates,
807 810 1044 985 adulteriisque
1050 878 1088 929 A·
1098 880 1130 929 υ·
1141 880 1176 932 ⁰*

276 1014 316 1060 ac
337 987 452 1087 stupris
473 983 625 1088 polluere
648 982 819 1087 hospitum
837 984 959 1061 domus
976 1014 1046 1059 cre·
1078 964 1156 1104 3⁸²5:

276 1088 447 1161 deretur:
479 1084 619 1162 aderant
648 1086 697 1159 vis
711 1097 783 1175 ,·&
813 1088 977 1187 pecunia,
1010 1098 1044 1162 &
1094 1085 1145 1199 ⁶⁶9·

275 1188 404 1262 ruentis
415 1184 556 1262 fortunae
569 1187 745 1260 noviffmra
753 1186 872 1261 libido.
882 1187 1046 1263 Adventu

277 1289 423 1364 demum
456 1288 612 1389 peditum
645 1289 870 1389 equitumque
902 1289 1045 1391 pravitas
1087 1348 1089 1352 v

279 1388 408 1463 confilii
418 1391 548 1492 patuit,
564 1389 643 1489 quia
655 1418 718 1463 nec
732 1389 854 1464 vadere
889 1416 925 1464 er
938 1390 1046 1465 hostes

279 1513 352 1563 tam
362 1488 574 1589 parvd‘manu
584 1514 735 1591 poterat,
750 1415 886 1563 etiami
892 1490 1046 1565 fidissima

276 1588 402 1681 foret,
432 1620 495 1665 nec
523 1593 692 1691 integram
720 1590 826 1665 fidem
854 1589 1046 1665 attulerant.
1122 1659 1133 1697 f

274 1690 390 1766 Pudor
416 1716 557 1780 tamen,
583 1701 619 1764 δι
643 1690 810 1792 praesentis
833 1691 927 1765 ducis
953 1706 1056 1766 rever

276 1792 387 1865 tentia
403 1793 623 1879 morabatur,
637 1791 729 1863 haud
745 1792 902 1864 diuturna
914 1792 1048 1867 vincula

248 1964 251 1970 .
274 1891 369 1991 apud
391 1893 508 1968 avidos
532 1890 785 1992 periculorum,
813 1901 847 1965 δι
871 1890 1048 1964 dedecoris

274 1992 421 2067 securos.
450 1996 500 2067 Eo
524 2014 644 2081 metu,
666 1998 703 2064 &
719 1992 857 2093 paucis,
878 2017 963 2090 quos
986 1990 1047 2064 ad-

274 2090 370 2167 versa
401 2122 473 2167 non
501 2115 748 2180 mutaverant,
778 2091 1045 2181 comitantibus,

275 2192 433 2268 cohortes
473 2191 674 2266 Ariminum
717 2193 923 2292 praemittit:
956 2192 1046 2267 alam

275 2296 401 2369 =ctueri
418 2319 544 2397 terga»
565 2292 684 2395 jubet:
709 2290 778 2396 ipse
795 2292 887 2369 flexit
900 2292 940 2367 in
959 2296 1047 2367 Um*

274 2395 408 2486 briam,
421 2423 523 2497 atque
536 2394 617 2469 inde
631 2397 818 2492 Etruriam3
836 2396 895 2471 ubi
907 2397 1046 2497 cognito

276 2525 397 2598 pugne
416 2496 656 2571 Cremonensis
679 2522 831 2586 eventu,
857 2526 927 2571 non
949 2498 1047 2596 ignar

274 2624 387 2685 vum,
407 2606 463 2685 &,
483 2593 742 2695 srprovenillet,
764 2618 860 2680 atrox
871 2597 1048 2669 consilium

277 2696 382 2784 iniit,
405 2720 443 2768 ut
456 2694 597 2795 arreptis
609 2694 773 2784 navibus,
795 2695 831 2765 in
849 2722 1048 2794 quamcum-

277 2824 345 2895 que
363 2822 497 2898 partem
509 2793 735 2886 Narbonenfis
747 2794 925 2895 provinciae
940 2796 1048 2899 egres·

276 2896 355 2987 lus,
375 2896 525 2984 Gallias,
542 2905 577 2971 &
593 2898 782 2985 exercitus,
805 2899 1045 2980 &Germaniae

281 3022 423 3101 gentes,
445 3022 642 3093 novumque
659 2995 791 3068 bellum
805 2997 919 3071 cieret.

330 3100 443 3172 XLll.
464 3097 650 3169 Droursso
671 3094 847 3182 Valente,
872 3095 1048 3196 trepidos,

277 3200 339 3301 qui
353 3197 552 3272 Ariminum
569 3194 755 3285 tenebant,
776 3196 956 3269 Cornelius
973 3193 1048 3268 Fus-

280 3328 363 3387 cus,
383 3298 525 3371 admoto
541 3294 688 3371 exercitu
702 3352 714 3385 ,
734 3306 769 3371 δέ
783 3292 883 3368 miffis
896 3321 955 3395 per
969 3320 1049 3395 pro-

281 3402 373 3475 xima
394 3398 534 3472 litorum
557 3395 754 3487 liburnicis,
778 3393 879 3475 terri¹
895 3396 1049 3489 marique
1157 3430 1162 3439 ·

281 3500 515 3575 circumvenit.
529 3498 749 3592 Occupantur
761 3496 860 3594 plana
870 3492 1048 3582 Umbriae,

280 3612 321 3681 δι
334 3596 402 3699 qud
416 3595 556 3670 Picenus
568 3619 647 3698 ager
660 3592 768 3668 Adtiu
780 3590 948 3669 adluitur:
971 3620 1049 3687 om:
