2792 4742
393 683 730 740 nrsrourrnuru
765 657 914 732 Nono.
979 666 1052 757 513¹

277 782 374 846 niuali
387 784 571 845 videLitium
582 778 693 857 XXII,
712 802 739 839 2.
753 778 787 839 de
802 778 926 841 Sertorio
938 774 1054 854 Plutus

282 863 365 925 thum
383 866 414 923 in
427 864 531 925 Sertor.
545 882 613 943 pag.
627 870 693 936 569.
1087 924 1089 929 ¹

322 942 496 1004 Hordeonius
508 941 637 1005 floccus.
660 938 820 1003 Germaniae
834 935 979 1023 superioris
991 960 1054 1009 rec-,

279 1038 336 1083 tor.
355 1021 430 1083 Hist.
443 1024 475 1101 l,
488 1046 519 1095 9.
990 1028 992 1033 '

322 1175 400 1241 Cor.
417 1171 502 1242 XIV·
523 1176 624 1253 Specie
639 1179 790 1257 epulorum.
811 1178 847 1241 Et
864 1182 935 1239 inter
956 1200 972 1239 e
993 1168 1061 1239 ulae

276 1257 315 1320 'de
342 1252 418 1319 bello
446 1254 600 1319 consultare
626 1258 699 1321 soliti
723 1279 802 1322 etant
827 1260 946 1319 barbari.
971 1200 1005 1323 ξ’

281 1338 356 1401 infru
373 1339 409 1399 de
424 1337 551 1398 Moribus
570 1337 707 1400 German.
725 1340 800 1420 Cap.
819 1364 865 1399 22.
1144 1390 1145 1393 ,

319 1417 439 1480 Sacrum
457 1417 486 1478 in
504 1438 608 1479 nemus.
633 1420 709 1483 Inter
727 1416 837 1478 Mosam
852 1425 880 1476 &
898 1416 1055 1493 Rhenum

278 1496 316 1559 ad
341 1494 580 1572 Duodecimum,
606 1520 682 1558 nunc
703 1496 928 1559 Duodea-Werd
941 1494 1057 1569 ,sfitille

281 1596 382 1637 nemus
396 1576 466 1636 illud
481 1573 587 1635 sacrum
601 1576 658 1637 deae
668 1577 772 1652 Levae,
788 1577 882 1659 ibique
896 1575 986 1636 adliuc
1000 1573 1054 1635 elle

280 1660 374 1718 vicum
385 1654 493 1717 Lewett
504 1701 515 1727 ,
526 1657 660 1717 existimat
670 1655 826 1739 cunning
836 1655 964 1731 ‚Neritio
976 1654 1055 1715 Ger-

282 1736 386 1799 mania
398 1734 541 1813 inferioris
551 1739 673 1816 antiquo
685 1782 696 1807 ,
708 1756 775 1817 pag.
789 1756 862 1813 103,
878 1742 904 1793 δι
915 1734 989 1795 Tab.
999 1733 1058 1797 IV.

281 1817 329 1878 De
341 1815 384 1874 his
397 1814 557 1875 nemoribus
570 1814 675 1887 dicetur
690 1816 782 1880 adhuc
792 1810 868 1875 infra
876 1814 910 1874 de
924 1814 1064 1887 Moribus¹

281 1890 420 1956 German.
436 1892 510 1973 Cap.
525 1915 554 1965 9.
678 1955 680 1958 ,
704 1954 706 1963 ,
1020 1894 1022 1899 '

325 1973 424 2053 Neque
444 1975 517 2033 enim
527 1970 700 2053 totietatem.
724 1970 827 2055 Neque
848 1972 923 2031 enim
945 1968 1059 2047 socios,‘

1007 1258 1062 1327 ides
1150 1271 1153 1281 ¹

283 2069 314 2113 ut
325 2054 395 2112 olim
404 2098 417 2129 5
426 2049 473 2112 sed
480 2050 571 2114 servos
583 2052 688 2113 haberi.
701 2052 802 2113 Mallet
811 2051 905 2112 illustr.
915 2048 1055 2125 Huetius‚
1144 2048 1146 2051 ’

283 2148 371 2212 neque
395 2131 468 2193 euim
492 2131 523 2192 irr
537 2132 727 2212 societatem:
754 2152 787 2192 ac
832 2131 924 2191 uidem
945 2128 1061 2196 merito.

283 2209 431 2272 Evanuisse
448 2210 559 2272 videtur·
574 2211 731 2295 praeposrtio
750 2210 787 2271 ob
803 2153 979 2293 fflperiotem
989 2228 1061 2291 par·,

287 2293 402 2352 onnam
417 2291 500 2353 enim.
791 2342 794 2351 ,

323 2369 452 2455 Quando·
471 2368 496 2430 Ie
517 2387 603 2431 otum.
634 2368 744 2431 Notarn
769 2370 960 2453 interrogandi
982 2370 1060 2429 reste

285 2449 482 2589 agposuitLip
505 2472 556 2527 us3
572 2449 882 2533 ficqueinterpretatur:
899 2448 961 2524 En,
972 2448 1065 2531 usque'

283 2551 301 2590 e
336 2532 404 2591 vilei
418 2528 555 2589 Romanis
570 2528 680 2601 sumus,
696 2550 726 2589 ut
738 2553 797 2589 non
809 2532 912 2613 legati,
927 2548 973 2588 aut
985 2550 1060 2608 prae-

286 2612 362 2669 tores
380 2605 474 2667 saltem
491 2627 545 2665 nos
564 2606 614 2665 diri
637 2609 697 2665 iant
720 2608 773 2681 (id
793 2610 850 2683 est,
867 2607 1060 2667 honestiorum
1166 2680 1168 2685 ,

284 2686 413 2747 manibus
422 2685 588 2767 pereamus)
606 2629 652 2745 rid
664 2686 812 2747 latrunculi
825 2689 932 2771 aliquot
942 2688 1060 2761 minuti,

284 2764 408 2849 praefeili
420 2774 448 2824 &
458 2768 645 2843 centuriones.
654 2764 764 2826 Conui
773 2769 830 2842 alii,
838 2769 1062 2849 interrogatione

287 2844 407 2919 omissi,
426 2840 465 2904 it'a
478 2848 699 2925 interpungunt,
720 2846 828 2923 quando
850 2892 858 2909 .
878 2886 887 2906 .
910 2891 918 2909 .
937 2844 1080 2915 ueniret,v

287 2933 316 2986 ει
345 2920 435 2988 uondo
448 2943 504 3001 pro
517 2924 614 3001 quippe
628 2924 780 3001 accipiunt.
808 2960 810 2965 -
838 2928 851 2957 ’
943 2978 945 2983 ,
1006 2922 1010 2929 ’
1058 2984 1063 2995 ,

364 3019 430 3060 ovos
463 3018 537 3062 tuus.
571 2998 681 3076 Quibus
703 3000 872 3060 Batavorum
894 3022 963 3083 opes
983 3022 1063 3079 etant

290 3079 400 3143 abdita.
453 3078 499 3138 ide
508 3075 597 3159 ‘lupti
612 3076 686 3137 Hill.
698 3078 744 3155 ll,
760 3100 809 3149 92.

331 3157 433 3220 loonio
451 3156 598 3238 legionum.
619 3156 840 3239 lofrequentium
857 3159 1062 3222 invalidorum·-

292 3259 350 3327 que
370 3238 515 3319 legionum
532 3238 628 3296 inania
645 3256 724 3295 erant
745 3242 870 3299 nomina.
975 3264 982 3268 ·

335 3314 530 3395 imputaturus.
551 3316 628 3375 Bene
644 3317 740 3375 illustr.
755 3316 875 3379 Huetius
891 3342 898 3377 t
920 3316 977 3395 Si,
1000 3318 1065 3381 Ba.

293 3394 602 3467 intitulationem,
620 3416 664 3456 res
680 3394 749 3455 mole
773 3396 907 3473 urserint,
925 3396 967 3457 ito
979 3417 1065 3459 extu-

284 3474 472 3562 soluatupud
482 3473 512 3538 V
510 3471 685 3554 werstanum,
695 3480 745 3553 quo
777 3474 807 3539 V
806 3476 990 3537 itelliottorum
999 3498 1065 3552 por-

295 3556 369 3620 tium
384 3552 514 3633 reliqui'or
529 3552 636 3613 abolere
651 3554 822 3619 mutaverint
837 3576 849 3629 ,·
862 3552 912 3637 fin
925 3554 1067 3635 ui'trcortt,¹

292 3633 359 3720 ‘quis
371 3630 486 3699 virtores
497 3630 534 3699 od
546 3629 713 3701 reddendum
723 3633 858 3700 rationem
871 3653 966 3777 roffeio
975 3634 1067 3723 poffit.
1136 3692 1138 3695 .

897 3778 901 3785 .
922 3734 959 3787 vll

938 3901 948 3929 N
