2792 4742
352 610 397 675 82
466 600 1021 677 decanatuum

221 756 339 804 Ε
352 722 498 825 signibus
518 772 534 807 ,
562 721 668 797 vitati
692 722 862 795 comitum
886 734 923 798 &
947 722 1127 798 servorum

221 832 253 880 Α·
265 830 297 879 U·
308 827 338 877 C·
353 822 569 923 frequentid,
590 821 684 898 senes
697 821 926 924 feminaque,
948 850 1012 923 per-
1028 850 1128 900 tene·

148 960 153 969 ,
248 916 317 968 822·

248 1004 273 1053 J.
287 1002 318 1053 C·

256 1093 302 1151 ⁶9.

355 927 453 1011 bras,
476 919 605 1005 diversa
618 923 724 996 Urbis
734 923 879 1013 itinera,
894 928 961 997 rari
973 925 1125 1020 domos,

379 1024 493 1097 lurimi
519 1022 711 1097 amicorum
729 1028 841 1113 teda,
861 1034 923 1115 &,
942 1050 980 1097 ut
1000 1029 1125 1126 cuique

352 1056 567 1239 humillimus
586 1123 717 1217 cliens,
735 1124 879 1199 irrcertas
899 1125 1043 1201 latebras
1067 1154 1128 1228 pe-

352 1249 469 1300 trvete.
1045 1239 1052 1249 '

403 1325 587 1399 LXXXII.
612 1326 790 1399 Mirrruu
808 1324 956 1428 impetus
973 1350 1018 1398 ne
1038 1320 1127 1397 fori·

351 1424 416 1499 bus
432 1425 575 1525 quidem
592 1425 708 1528 palatii
721 1427 909 1517 coercitus,
939 1427 1125 1525 quominus
1153 1470 1157 1481 ·

349 1527 553 1600 convivium
578 1528 814 1627 inrumperent
830 1561 890 1615 „a
906 1526 1037 1599 ostendi
1063 1525 1126 1599 fibi

349 1627 563 1701 aOthonem
584 1662 607 1693 ι
641 1627 884 1729 expostulantes
912 1658 934 1698 ι-
947 1626 1125 1701 vulnerato

349 1726 450 1807 Julio
472 1726 655 1819 Martiale,
670 1727 835 1817 tribuno,
861 1738 897 1803 &
910 1726 1054 1803 Vitellio
1066 1728 1127 1799 Sa-

349 1830 517 1920 turnino,
542 1826 699 1933 praesedeo
723 1828 891 1932 legionis,
912 1827 997 1901 dum
1023 1852 1127 1901 men·

348 1930 448 2020 ¹tibus
466 1930 637 2005 obfistunt.
655 1930 825 2028 Undique
834 1956 932 2004 arma
945 1938 982 2003 ὃ(
998 1928 1126 2017 mina,

354 2030 465 2103 modb
477 2030 514 2101 in
526 2030 741 2102 centuriones
760 2026 1003 2125 tribunosque,
1018 2028 1126 2110 modb

353 2126 391 2199 in
416 2126 571 2201 senatum
594 2125 789 2201 universum
806 2156 815 2198 ι
832 2125 1013 2227 lymphatis
1039 2154 1129 2201 cacco

344 2253 481 2329 :pavore
503 2228 645 2318 animis,
664 2238 706 2303 ,δι
725 2228 808 2328 quia
826 2253 1003 2301 nemmem
1018 2252 1129 2301 unum

346 2328 521 2404 »destimre
540 2331 596 2401 irae
607 2352 764 2429 poterant
776 2382 787 2415 ,
799 2326 973 2401 licentiam
988 2328 1027 2400 in
1048 2356 1129 2403 om-

352 2453 414 2500 nes
437 2426 651 2541 poscentibus
677 2420 825 2500 :donoc
851 2428 977 2518 Otho,
1009 2453 1128 2503 contin

354 2526 459 2602 decus
472 2528 629 2630 imperii,
651 2528 753 2601 thoro
771 2527 945 2619 insistens,
970 2531 1125 2631 precibus

343 2638 391 2702 ·&
409 2628 555 2702 lacrimis
574 2654 660 2728 agre
674 2629 829 2703 cohibuit
851 2660 861 2700 t
884 2631 1127 2730 redieruntque

353 2728 390 2799 in
415 2730 516 2801 castra
540 2728 661 2816 inviti,
686 2752 798 2825 neque
821 2729 1032 2802 innocentes.
1049 2729 1128 2803 Pos-

354 2824 426 2901 terrl
452 2827 534 2915 die,
555 2826 649 2899 velut
675 2824 771 2928 capul
786 2826 909 2916 Urbe,
927 2826 1043 2901 clausa
1061 2829 1127 2903 do-

353 2954 451 3017 mus,
464 2952 553 3000 ratus
567 2928 704 3029 pervias
713 2924 876 3030 populus3
891 2930 1000 3003 masta
1008 2928 1125 3032 plebs3

354 3027 479 3129 dejecti
504 3028 542 3101 in
568 3042 694 3105 'terram
725 3027 878 3103 militum
900 3029 1012 3105 vultus
1037 3089 1048 3121 ‚
1087 3059 1126 3105 ac

354 3128 428 3233 plus
448 3130 584 3204 tristitia
604 3188 616 3223 ,
647 3130 753 3232 qudm
782 3131 991 3232 penitentia.
1007 3133 1126 3206 Mani-

333 3230 499 3335 ·pulatim
514 3232 665 3307 adlocuti
679 3231 755 3306 sunt
770 3233 922 3307 Licinius
938 3231 1097 3306 Proculus
1112 3290 1125 3322 ‚

352 3344 392 3409 ’δι
411 3332 540 3408 Plotius
553 3334 704 3421 Firmus,
718 3329 866 3434 prafedti
882 3364 890 3406 ε
905 3362 945 3408 ex
960 3330 1018 3404 suo
1033 3331 1126 3429 quis-

353 3462 423 3601 que
439 3433 601 3538 ingenio,
625 3432 741 3506 mitiis
757 3458 814 3505 aut
835 3432 1013 3507 horridius.
1034 3433 1123 3506 Finis

348 3574 353 3581 ·
370 3537 520 3612 cunonis
543 3536 581 3614 in
600 3562 641 3610 so
652 3592 664 3626 ,
695 3559 734 3609 ut
759 3536 864 3635 quina
886 3532 996 3610 millia
1020 3560 1122 3611 num-
