2792 4742
345 668 416 739 262
454 640 1014 765 C.Cort'nrt.rrTnc1tr

214 810 333 859 Ε
345 790 459 885 junsta
477 782 641 857 aedificia:
666 810 760 881 quc,
781 806 819 855 ur
836 782 872 854 in
889 783 996 858 mult‘al
1011 810 1093 887 pace
1104 786 1130 875 ἒ·
1180 862 1181 865 ,

239 1059 264 1110 J.
281 1057 304 1108 C

245 1144 297 1205 590

256 1224 262 1231 ι

215 880 258 1021 ὗε
260 880 334 1021 ξιξ
345 890 382 959 in
392 886 501 959 altum
509 883 746 974 edita‚solum
754 883 919 985 Capitolii
929 886 1117 985 aequabant.
1139 952 1146 957 .

346 988 412 1064 ch
426 986 637 1089 ambigitur,
658 1019 679 1050 α
689 987 809 1086 ignem
829 986 925 1061 tediis
942 1015 1119 1091 oppugna·

305 1088 313 1107 ⁸
344 1114 461 1162 atores
477 1088 679 1187 injecerint,
702 1115 746 1161 an
766 1082 931 1177 obseffia,
951 1117 1025 1189 quae
1041 1114 1117 1163 cre„

345 1190 437 1265 brior
446 1187 540 1263 fama
553 1191 620 1280 est,
636 1190 737 1289 ‹qul›
750 1188 898 1263 nitentes
911 1216 950 1263 ac
965 1186 1118 1305 progres«

344 1288 692 1405 „sosndepellerentm
718 1289 809 1363 ‘lnde
832 1288 939 1393 lapsus
966 1292 1054 1394 ignis
1079 1317 1118 1367 m
1166 1366 1168 1369 .
1253 1330 1254 1373 3

308 1408 313 1412 ’
345 1417 520 1493 portrcus,
548 1390 711 1494 appofitas
736 1390 887 1465 adibus:
913 1420 994 1465 mox
1020 1390 1117 1465 susti·
1170 1410 1174 1414 “

345 1517 465 1566 nentes
487 1490 661 1593 fastigium
685 1492 830 1593 aquilae,
853 1518 967 1569 vetere
994 1492 1118 1595 ligno,

345 1617 517 1687 traxerunt
547 1594 752 1681 flammam,
788 1592 1020 1694 alueruntque,
1062 1593 1117 1666 Sic

346 1693 581 1809 Capitolium,
599 1693 715 1768 clausis
727 1691 878 1784 foribus,
897 1692 1117 1772 indefensum

343 1804 383 1870 &
402 1795 637 1896 indireptum,
663 1796 894 1897 conflagravit.

396 1896 542 1971 LXXll.
582 1899 630 1971 lo
664 1895 795 1973 facinus
855 1900 904 1971 ost
941 1893 1119 1969 conditam

342 1991 481 2069 Urbem
516 1996 794 2083 ludluofiffimum
828 1926 1120 2095 loediffimumque

269 2155 271 2158 -
343 2095 472 2197 populo
493 2098 655 2174 Romano
679 2100 829 2175 accidit:
854 2100 950 2175 nullo
978 2122 1121 2173 externo

344 2198 437 2283 hoste
445 2256 457 2289 ,
471 2200 646 2299 propitiis,
662 2200 756 2304 fiper
769 2228 883 2273 mores
896 2203 1024 2271 nostros
1038 2197 1123 2267 lice-

343 2296 417 2386 iet,
432 2300 524 2387 deis,
540 2300 658 2375 sede‘m
671 2302 766 2377 Jovis
782 2300 930 2400 optimi,
949 2296 1123 2385 maximi,

342 2396 551 2493 auspicarda
571 2398 781 2497 majoribus,
807 2397 929 2497 pignus
953 2396 1121 2497 imperii,

344 2495 520 2571 conditam
547 2551 560 2586 ,
592 2524 698 2598 quam
728 2523 799 2569 non
826 2494 971 2573 Porsena
997 2496 1123 2571 'dedital

343 2596 466 2688 Urbe,
489 2626 601 2699 neque
614 2598 707 2689 Galli
723 2594 844 2699 captd,
867 2621 1034 2673 temerare
1049 2624 1123 2771 po-

344 2698 503 2787 ruillent,
522 2699 637 2772 furore
651 2698 850 2797 Principum
862 2697 1031 2771 exscindi!
1085 2724 1123 2769 r·-

343 2795 430 2869 serat
446 2808 482 2871 &
495 2800 572 2871 anre
586 2796 800 2896 Capitolium
816 2796 909 2870 civili
925 2795 1040 2885 bello,
1057 2796 1123 2871 sed

344 2894 464 2972 fraude
491 2896 641 2999 privati:
663 2925 753 2972 nunc
778 2896 894 3000 palam
920 2893 1117 2985 obsessum,

343 2997 457 3100 palam
469 2997 666 3075 incensum:
679 2998 803 3099 quibus
813 3025 988 3073 armorum
1000 2996 1118 3077 causis?

172 3091 177 3100 x
291 3116 298 3125 '
342 3126 414 3198 quo
431 3125 531 3175 tanrae
546 3100 651 3175 cladis
667 3100 778 3201 pretio
795 3100 910 3174 stetit?
933 3127 994 3201 pro
1011 3096 1118 3200 patrid

343 3198 545 3280 bellavimus
561 3206 575 3277 ἓ
598 3204 751 3279 Voverat
763 3200 970 3299 Tarquinius
986 3196 1116 3272 Priscus

345 3333 422 3396 rex,
435 3306 528 3382 bello
543 3303 689 3397 Sabin03
705 3310 896 3399 jec'eratque
910 3295 1116 3371 fundamen·

346 3435 399 3498 ta,
411 3406 468 3512 spe
479 3404 587 3507 magis
599 3401 718 3491 fu'rurae
732 3397 995 3501 magnitudinis,
1008 3399 1113 3497 quim

347 3512 418 3605 quo
446 3506 588 3605 modicae
609 3504 719 3578 adhuc
747 3499 863 3604 populi
888 3500 1038 3575 Romani
1062 3526 1116 3572 res

339 3606 548 3684 -sufficerenr
567 3609 662 3683 Mox
678 3605 809 3681 servm
824 3600 984 3691 Tullius,
1004 3598 1119 3687 socio-f
