2792 4742
377 617 449 705 336
492 600 1031 706 Quorsumnam

240 753 359 804 m
374 727 553 802 discordias
569 726 764 828 componit,
778 751 872 826 quae,
887 749 985 826 raptu
999 722 1139 828 frugum

245 823 276 880 Α·
288 820 362 874 Μ’
374 839 581 930 &pecorum
594 829 684 901 inter
695 827 859 928 agrestes,
886 825 1031 927 modicis
1047 830 1145 929 prin-³

269 906 340 1044 ⁸²30:
373 930 466 1030 cipiis
481 985 491 1017 ,
509 935 579 1029 jam
595 937 763 1030 perarma
777 951 878 1025 atque
893 927 981 1000 acies
1002 951 1139 1003 exerce-

265 995 329 1148 ἔξω.
372 1029 503 1102 bantur.
527 1030 619 1102 Nam
638 1027 782 1130 populus
803 1025 968 1116 Oeensis,
983 1027 1138 1103 multitu-

371 1128 452 1203 dine
480 1127 622 1202 inferiot
646 1184 658 1217 ,
694 1133 919 1202 Garamantas
943 1129 1136 1221 exciverat,

260 1315 269 1323 ,
369 1243 509 1332 gentem
526 1229 759 1318 indomitam,
785 1238 821 1302 &
839 1228 928 1302 inter
943 1228 1072 1303 accolas
1086 1231 1136 1304 la-

369 1329 520 1412 trociniis
546 1327 740 1404 fecundam.
766 1328 872 1402 Unde
897 1333 993 1401 πᾶα
1001 1332 1137 1432 *Lepti-
1176 1339 1180 1346 “

369 1430 454 1503 tanis
483 1455 534 1504 res
548 1449 571 1519 ,'
585 1429 719 1530 late'que
739 1430 869 1504 vastatis
897 1430 982 1531 agris
1005 1485 1018 1518 ‚
1044 1432 1147 1506 intra‘

365 1528 493 1603 moenia
523 1531 738 1631 trepidabant
763 1559 773 1601 r
801 1530 911 1604 donec
939 1530 1135 1608 interventu

365 1629 559 1702 cohortium
569 1630 696 1704 alarum
722 1626 1145 1720 uefusrGaramantes,&-·

365 1754 500 1833 recepta
511 1733 623 1805 omnis
639 1659 773 1834 prada,
788 1729 850 1804 nist
861 1759 966 1831 quam
976 1732 1052 1834 vagi
1067 1759 1142 1833 per*

364 1828 527 1906 inaccessa
553 1832 740 1936 mapalium
768 1830 981 1910 ulterioribus
1010 1832 1133 1920 vendi-¹

294 1941 300 1950 '
365 1930 496 2006 derant.
748 1947 754 1976 ²
1142 1957 1145 1964 ·

413 2035 473 2104 LI.
489 2030 545 2105 Ar
569 2032 773 2133 Vespasiano
789 2089 801 2122 ,
827 2035 899 2135 post
914 2036 1132 2108 Cremonen·

362 2125 435 2204 sem
450 2159 620 2234 pugnam,
644 2142 680 2207 &
697 2131 778 2235 pros
795 2159 869 2207 eros
882 2135 1034 2234 undique
1044 2162 1133 2224 nun*

362 2231 428 2316 tios
443 2289 454 2321 ,
481 2266 502 2297 α
524 2231 678 2307 cecidisse
691 2162 875 2309 Vitellium
888 2271 933 2321 a,
953 2234 1056 2306 multi
1069 2263 1132 2307 cu-

359 2331 477 2430 jusque
495 2333 648 2419 ordinis,
673 2335 746 2432 pari
768 2331 905 2403 audacis
920 2329 1128 2433 fortunasque

359 2428 544 2504 hibernum
575 2447 668 2504 mate
702 2429 877 2531 adgressi,
899 2430 1140 2510 nuntiaveres

358 2529 514 2608 Aderant
527 2530 631 2634 legati
640 2532 732 2633 regis
742 2529 927 2633 Vologesr,
944 2565 968 2596 c
978 2533 1128 2632 quadra-

356 2634 480 2731 nginta
492 2633 695 2706 Parthorum
755 2633 866 2705 uirum
878 2632 1022 2704 millia»
1037 2631 1129 2708 offe-

356 2755 479 2802 rentes.
498 2659 923 2840 Magnilicunilaemmque
943 2733 1044 2803 tantis
1067 2732 1128 2806 so·

355 2827 487 2900 ciorum
501 2827 629 2901 auxrliis
652 2825 803 2916 ambiri,
831 2856 944 2929 neque
956 2822 1125 2932 indigere.

355 2929 480 3002 Gratia
503 2925 676 3029 Vologeso
700 2933 802 3017 astae,
820 2929 1090 3030 mandatumque
1108 2971 1137 3023 ,-

359 3061 380 3092 α
392 3054 429 3102 ut
446 3029 574 3130 legatos
589 3029 632 3102 ad
644 3027 799 3104 senatum
817 3031 992 3120 mitteret,
1015 3041 1051 3106 δι
1062 3059 1123 3133 pa-

353 3155 457 3203 ncem
480 3126 546 3204 elle
573 3128 670 3204 sciret
688 3165 725 3204 ω.
747 3127 965 3232 Vespasianus
984 3132 1027 3204 'in
1050 3134 1134 3206 lta-·

349 3225 455 3318 liam,
481 3229 598 3328 resque
613 3229 718 3302 Urbis
740 3231 891 3305 intentus
901 3238 918 3319 ,¹
936 3229 1132 3306 adversam·

351 3327 395 3404 de
422 3331 627 3406 Domitiano
645 3327 776 3402 famam
800 3332 945 3431 accipir3
982 3366 1003 3396 α
1017 3357 1132 3406 tam--

349 3455 481 3530 aquam
493 3429 657 3505 terminos
672 3431 801 3520 atatis,
823 3439 859 3504 δι
879 3429 1031 3504 concessa
1044 3432 1117 3506 filio

346 3533 640 3630 aegrederetur'a.
653 3532 761 3634 Igitur
772 3528 1008 3608 validissimam
1022 3559 1118 3653 erep-

468 3683 473 3690 --
1022 3656 1111 3706 crtus
