2792 4742
339 697 703 754 nrsronrnnuu
730 674 887 753 L1n.1.
959 706 1006 774 49

238 796 377 872 'confilia
396 807 468 897 ejus
489 795 616 872 fovisse.
648 796 738 870 Urbi
750 796 901 872 Flavium
915 799 1009 873 Sabi·
1022 819 1136 863 Ξ

240 926 325 973 num
340 898 538 999 praefecere,
549 899 716 999 judicium
726 898 871 973 Neronis
885 898 1008 991 secuti,
1021 883 1094 1018 ⁶¹8⁰·
1105 878 1139 931 ο·

241 997 303 1073 sub
317 1028 386 1099 quo
401 1000 558 1073 eamdem
571 1027 686 1072 curam
703 998 921 1090 obtinuerat,
938 1001 1010 1103 ple·
1049 976 1121 1106 1ιέ

242 1099 353 1199 risque
367 1098 606 1199 Vespasianum
623 1096 764 1173 fratrem
785 1100 822 1173 in
844 1128 887 1175 eo
911 1100 1012 1204 respi·
1062 1089 1113 1199 29,

244 1200 422 1275 cientibus.
446 1201 653 1301 Flagiratum
669 1257 680 1289 ,
699 1233 720 1264 π
734 1224 771 1272 ut
795 1202 1011 1291 vacationes,

243 1302 412 1403 upraestati
432 1301 683 1374 centurionibus
704 1298 832 1390 solitae,
857 1304 1013 1377 remitte·

246 1426 435 1475 arentur».
463 1404 623 1501 Namque
641 1402 812 1505 gregarius
829 1402 951 1493 miles,
974 1426 1014 1476 ut

246 1501 413 1577 tributum
424 1530 575 1574 annuum
584 1560 595 1591 ,
605 1502 787 1605 pendebat.
796 1505 928 1595 Quarta
939 1530 1015 1603 pars

248 1601 439 1703 manipuli,
457 1600 564 1705 sparsa
576 1628 636 1705 per
650 1624 861 1675 commeatus
876 1661 887 1693 ,
905 1629 964 1676 aut
977 1605 1015 1679 in

248 1702 324 1817 ipsis
338 1703 446 1775 castris
463 1732 567 1803 vaga,
585 1703 670 1775 dum
687 1703 882 1776 mercedem
899 1729 1016 1778 centu-

249 1804 340 1877 ttoni
366 1800 575 1894 exsolveret3
601 1828 713 1898 neque
736 1802 881 1872 modum
904 1806 1018 1876 oneris

249 1901 467 2003 quisquam,
499 1925 610 1996 neque
639 1925 744 1998 genus
767 1897 902 1996 quaestlts
928 1900 1022 2001 pensi

249 2002 408 2077 habebat
423 2028 442 2070 ι.
459 2024 519 2098 pet
543 1996 716 2070 latrocinia
743 2007 780 2071 &
802 2024 936 2100 raptus,
962 2026 1021 2073 aut

240 2099 430 2189 ,servilibus
441 2099 648 2188 ministeriis,
674 2096 820 2173 militare
838 2102 949 2174 otium
966 2128 1021 2175 re-

255 2201 445 2275 dimebant.
474 2200 569 2271 Tum
587 2198 859 2299 locupletillimus
879 2200 1022 2302 quisque

256 2301 378 2390 miles,
397 2297 519 2373 'labore
537 2326 574 2371 ac
588 2296 885 2400 saevitid'fatigatr,
911 2300 1032 2374 donec‘
1109 2324 1112 2331 ·

257 2402 471 2478 vacationem
494 2425 644 2475 emeret:
670 2398 730 2472 ubi
754 2398 827 2473 sum
854 2399 942 2475 tibus
964 2428 1023 2475 ex-

257 2505 423 2590 haustus,
451 2498 600 2571 socordid
634 2498 767 2600 insuper
803 2428 1024 2669 eiinpuerat,

257 2606 361 2704 inops
375 2626 437 2699 pro
450 2598 637 2695 locuplete,
654 2600 789 2669 &iners
802 2626 863 2699 pro
899 2628 1005 2673 tenuo
1013 2658 1026 2690 ,

259 2706 295 2778 in
321 2697 539 2799 manipulum
564 2695 719 2770 redibat:
749 2724 787 2769 ac
811 2697 919 2772 rursus
942 2700 1026 2775 alius

263 2828 372 2903 atque,
382 2798 492 2886 alius,
518 2796 637 2871 eadem
661 2799 804 2899 egestate
827 2828 865 2872 ac
879 2798 1027 2875 licentii

265 2902 438 3003 corrupti,
462 2896 506 2973 ad
519 2896 700 2971 seditiones
713 2909 748 2972 &
764 2896 966 2991 discordias,
990 2913 1028 2977 &

167 3048 169 3053 v
267 3004 310 3078 ad
322 3008 532 3087 extremum,
551 2998 640 3072 bella
655 2997 767 3072 civilia
781 2998 931 3076 ruebant.
960 3002 1027 3076 Sed

267 3104 388 3191 Otho,
405 3126 449 3172 ne
464 3096 559 3197 vulgi
573 3097 773 3199 largitione,
791 3102 1028 3175 centurionum
1042 3164 1046 3167 ,

267 3205 399 3279 animos
417 3220 602 3285 averteret,
618 3196 760 3269 «fiscum
774 3194 869 3269 suum
885 3204 1031 3275 vacatio⁴

172 3320 175 3395 ζ
267 3328 354 3377 „nes
365 3324 492 3373 annuas
505 3294 758 3371 exsoluturumn
773 3298 944 3399 promifit:
958 3324 1034 3375 rem

174 3406 175 3451 l
269 3402 362 3479 haud
390 3398 493 3471 dubie
518 3396 665 3489 utilem,
694 3398 894 3474 &abonis
921 3402 1034 3500 postea

175 3488 195 3554 ’Ὺ
268 3498 504 3599 Principibus,
523 3500 742 3600 perpetuitate
755 3498 960 3598 discipline,
981 3494 1034 3568 lir-

177 3606 180 3689 ἰ
272 3624 418 3683 matam.
448 3600 538 3673 Laco
565 3594 764 3700 ptaefedlus,
794 3622 970 3695 tamquam
996 3598 1033 3675 in

365 3702 463 3778 Tum.
485 3701 556 3776 IV.
872 3698 905 3772 C
