2792 4742
348 642 417 709 218
467 632 1022 709 C.Conner11TAerrr
1103 724 1105 729 Ι
1206 721 1210 729 .

209 778 326 826 Q
346 755 545 845 Antonius,
575 752 688 842 accitis
718 751 947 853 pretorianis:
975 754 1037 854 qui
1060 752 1122 831 ubi

150 917 151 922 ,
209 843 284 893 ⁴⁴¹⁰·
297 849 325 896 C·
346 859 505 957 excepere
519 882 694 958 pugnam,
717 854 848 955 pellunt
862 855 1017 944 hostem,
1038 856 1121 933 dein

228 932 301 1072 ξιξ
344 959 525 1061 pelluntur.
549 958 709 1055 Namque
726 954 925 1045 Vitelliani,
944 962 1118 1033 tormenta

240 1052 303 1167 29:
341 1064 378 1135 in
392 1086 554 1162 aggerem
564 1057 625 1131 via
637 1056 870 1147 contulerant,
887 1083 924 1131 ut
934 1056 1002 1131 tela
1011 1088 1118 1135 vacuo

252 1188 255 1198 ’
340 1187 442 1263 atque
451 1186 569 1263 aperto
577 1184 826 1249 excuterentur,
835 1156 980 1261 dispersa
991 1161 1118 1265 primi),

337 1274 375 1337 &
401 1262 567 1350 arbustis,
597 1256 666 1334 stne
695 1261 844 1333 hostium
869 1258 957 1333 noxal
969 1316 980 1350 ,
1007 1260 1115 1339 inlisa.

337 1363 585 1463 Magnitudine
616 1360 742 1436 eximii
765 1360 1034 1462 quintaedecimae
1063 1363 1116 1438 le·

335 1465 447 1564 gionis
468 1464 611 1554 balista,
639 1464 837 1563 ingentibus
854 1461 936 1535 saxis
956 1462 1114 1539 hostilem

337 1566 450 1638 aciem
473 1566 657 1668 proruebat
678 1594 687 1636 t
714 1563 850 1665 late'que
868 1562 1002 1638 cladem
1020 1564 1114 1638 intu-

332 1662 444 1757 lillet,
464 1668 502 1740 ni
516 1666 586 1740 duo
601 1665 750 1756 milites,
769 1664 966 1769 praclarum
981 1662 1113 1741 facinus

326 1761 429 1857 ¹aust,
463 1794 536 1842 atre
562 1767 603 1841 tis
628 1795 648 1842 e
675 1769 781 1871 strage
808 1767 907 1842 scutis
936 1767 1110 1866 ignorati,

331 1867 445 1943 vincla
461 1897 500 1943 ac
517 1795 723 1943 libramenta
736 1894 989 1943 tormentorum
1003 1866 1111 1948 absci-¹

331 1966 481 2045 diffentt
505 1970 618 2041 statim
636 1968 778 2042 confolil
795 1968 899 2059 sunt,
926 1968 1035 2069 ebque
1056 1969 1113 2049 in-¹

331 2069 497 2143 tercidbre
520 2069 685 2142 nomina:
713 2066 757 2141 de
777 2065 868 2141 fauo
890 2071 983 2141 haud
1001 2070 1111 2143 ambi-

329 2170 431 2271 gitur.
443 2171 576 2245 Neutrb
586 2168 807 2244 inclinaverat
820 2165 970 2257 fortuna,
984 2168 1109 2259 donec,

329 2270 447 2343 adultd
471 2278 606 2358 nocte,
643 2271 725 2343 luna
753 2268 890 2366 surgens
916 2268 1109 2343 ostenderet

329 2370 441 2455 acies,
465 2366 679 2465 falleretque.
706 2366 773 2438 Sed
794 2366 958 2441 Flavianis
980 2369 1108 2468 aequior

327 2496 349 2543 a
363 2492 481 2569 tergo:
495 2467 576 2541 hinc
588 2474 735 2565 majores
751 2492 920 2565 equorum
934 2467 1107 2547 virorum-

287 2652 290 2658 ·
329 2597 397 2669 que
408 2568 558 2658 umbra,
572 2564 722 2656 uesano,
737 2590 775 2641 ut
788 2566 825 2640 in
840 2596 1001 2671 corpora,
1016 2570 1105 2661 istu,

297 2712 300 2716 =
327 2671 396 2742 tela
411 2671 558 2741 hostium
577 2669 660 2741 citrd
677 2668 846 2742 cadebant
863 2700 872 2741 t
896 2669 1104 2761 Vitelliani,

326 2766 467 2841 adverso
497 2766 630 2839 lumine
657 2764 903 2855 collucentes,
937 2766 1031 2843 velut
1063 2798 1113 2845 ex.

325 2866 461 2941 occulto
471 2864 852 2966 jaculantibus,incauti
860 2866 1103 2957 offerebantur.

369 2969 506 3043 XXIV.
523 2971 658 3045 Icrrun
678 2966 873 3058 Antonius,
890 2966 951 3043 ubi
963 2968 1102 3046 noscere

322 3066 424 3158 suot,
448 3068 540 3143 nosci
566 3097 609 3145 ue
680 3094 792 3159 terat,
815 3068 898 3143 alios
916 3070 1100 3170 pudore&

258 3194 264 3198 ·
348 3169 478 3260 tobris,
496 3098 623 3245 mtiltos
634 3098 737 3245 laoude
752 3181 787 3245 &
799 3171 958 3261 hortatu,-
977 3198 1098 3247 omnes

322 3198 379 3373 ipe
406 3270 637 3373 promillisque
665 3271 880 3359 accendens,
911 3303 933 3335 α
948 3298 1007 3347 cur
1032 3273 1098 3347 rari

320 3369 557 3472 esumpfiffent
566 3374 708 3445 armas?
718 3371 927 3443 Pannonicas
940 3368 1094 3472 legiones

320 3470 562 3575 interrogabat.
577 3506 609 3537 xc
618 3470 701 3545 Illos
715 3468 780 3545 else
795 3497 955 3571 campos,
968 3472 1005 3545 in
1019 3475 1094 3573 qui-
1148 3544 1165 3553 ,,

318 3571 409 3647 »bus
430 3572 566 3659 abolere
589 3572 706 3655 labem
725 3574 846 3677 prioris
868 3574 1097 3675 ignominie,
