2792 4742
365 642 746 709 'rrrsronrruurr
771 637 877 716 Lu.
904 640 933 719 1.
1001 654 1049 742 69

258 742 376 845 gionis
400 779 410 821 ι
431 776 616 851 rapuerant
646 758 828 855 pecuniam
845 762 991 840 'missam
1011 771 1052 843 in
1064 793 1185 857 a

260 846 476 949 stipendium
500 853 654 943 castelli,
677 859 774 955 quod
793 861 881 935 olim
893 867 1184 943 Helvetiiaue.

259 944 328 1021 suis
362 948 533 1025 militibus
558 982 597 1026 ac
629 956 805 1059 stipendiis
835 967 1049 1044 tuebantur:
1087 976 1158 1032 ⁸²²·

259 1074 349 1149 aegre
373 1050 413 1123 id
431 1052 512 1151 pasti
529 1054 713 1146 Helvetii,
738 1062 937 1167 interceptis
959 1068 1051 1171 epis·
1084 1068 1111 1120 ³·
1133 1072 1168 1127 0·

259 1148 367 1236 tolis,
399 1178 472 1249 quae
489 1157 634 1229 nomine
660 1162 866 1238 Germanici
883 1170 1051 1245 exercitiis
1101 1162 1154 1223 ⁶⁹·

258 1248 306 1323 ad
327 1252 541 1326 Pannonicas
557 1254 590 1329 Ie
615 1258 714 1332 iones
729 1258 954 1358 ferebantur,
968 1299 1050 1345 cen·

258 1350 436 1425 tutionem
463 1283 684 1455 &quosdam
699 1360 856 1439 militum
879 1368 916 1439 in
937 1373 1050 1445 custo-

259 1448 319 1522 dis
350 1452 559 1529 retinebant.
586 1460 758 1551 Caecina,
787 1462 877 1537 -belli
901 1470 1045 1565 avidus,

258 1553 456 1653 proximam
479 1584 656 1658 quamque
681 1561 842 1664 culpam,
859 1592 1048 1669 antequam

257 1652 459 1751 paeniteret,
473 1654 587 1729 ultum
601 1660 686 1734 ibat.
704 1665 811 1735 Mota
849 1674 970 1769 ropere
983 1669 1050 1743 cas·

260 1775 311 1825 tra
333 1756 482 1825 :vastati
506 1758 605 1854 agri:
626 1759 781 1861 direptus
803 1694 939 1867 ‚Iongi
965 1776 1048 1869 pace

255 1851 293 1925 in
310 1852 467 1925 modum
486 1857 671 1955 municipii
694 1862 904 1949 exſtru&us,
930 1866 1052 1959 Iocus)

254 1978 406 2048 amoeno
448 1948 638 2025 salubrium
673 1983 841 2055 aquarum
878 1959 941 2034 usu
983 1963 1055 2039 fre-

255 2076 399 2150 quens:
426 2050 515 2123 miffi
535 2052 578 2125 ad
604 2056 736 2130 Raetica
763 2057 888 2133 auxilia
907 2066 1054 2157 nuntii,

259 2176 303 2324 qq
313 2148 429 2323 verdsos
450 2150 487 2223 in
509 2150 689 2255 legionem
717 2157 932 2235 Helvetiosa
952 2188 1053 2269 tergo

304 2278 364 2350 gre
393 2276 544 2325 erenrur.

309 2350 476 2425 LXVIII.
496 2354 588 2442 lm,
604 2378 686 2428 ante
698 2352 887 2448 discrimen
899 2355 1056 2455 ἱειοῐεε,Ι

260 2448 297 2522 in
321 2450 474 2551 periculo
507 2454 658 2553 pavidi,
690 2482 907 2557 quamquam
934 2464 1078 2562 primo-

260 2549 420 2623 tumultu
446 2549 640 2622 Claudium
663 2554 830 2627 Severum
853 2558 981 2631 ducem
1002 2562 1052 2637 Ie*

288 2674 415 2737 etant,
440 2676 512 2721 non
536 2676 632 2721 arma
646 2648 806 2739 noscere,
827 2678 900 2727 non
914 2659 1053 2736 ordines

261 2678 379 2848 sequi,
397 2775 469 2820 non
493 2749 532 2819 in
559 2776 669 2821 unum
695 2749 906 2827 consulere:
933 2760 1052 2834 exitio-

261 2847 338 2920 sum
358 2846 519 2921 adversus
543 2874 724 2923 veteranos
738 2852 924 2953 proelium,
937 2859 1051 2936 intuta

263 2945 418 3037 obsidio,
435 2947 571 3051 dilapsis
584 2950 750 3023 vetustate
765 2955 939 3029 moenibur
951 2962 1050 3035 :hinc

266 3049 404 3121 Caecina
421 3076 501 3121 cum
523 3048 642 3122 valido
665 3052 841 3139 exercitu,
867 3055 950 3130 inde
975 3062 1059 3134 Rae.¹

265 3148 339 3220 ticae
355 3148 415 3221 alat
440 3148 695 3247 cohortesque,
712 3160 749 3221 &
767 3148 922 3262 ipsorum
937 3158 1052 3232 Raeto-

266 3272 345 3319 rum
377 3256 563 3348 juventus,
592 3245 688 3321 sueta
714 3274 842 3338 armis,
882 3260 922 3325 &
951 3284 1060 3330 more·

265 3346 399 3421 militia
428 3349 574 3421 exercita
597 3348 783 3448 :undique
811 3375 859 3451 po
884 3350 991 3425 ulatio
1017 3366 1059 3426 δε

265 3445 376 3519 credes
400 3446 485 3549 :ipfi
502 3450 538 3521 in
558 3448 678 3523 medio
704 3450 809 3549 vagi,
882 3452 980 3544 jectis
1004 3478 1057 3523 ar-

266 3544 366 3635 ιώ,
384 3572 506 3651 magna
528 3576 603 3652 pars
627 3548 760 3640 saucii,
791 3569 851 3618 aut
876 3544 1054 3647 palantes,
