2792 4742
336 649 411 728 '2²90
451 629 996 707 GCoanrtrrTAorrr
1055 680 1062 686 ,

143 799 144 844 ι
207 774 324 824 ffi
340 754 424 828 dum
438 752 535 828 dedit
547 783 555 825 ι
569 779 661 843 non,
674 778 712 826 ut
723 751 899 854 plerique,
914 779 951 827 ut
964 750 1117 828 nomino

142 895 143 940 1
205 844 237 895 Α·
248 843 279 891 ⁰·
291 841 321 892 C·
338 854 520 957 magnifico
537 852 639 956 segne
658 857 771 928 otium
787 854 936 943 velaret,
960 853 1020 928 sed
1038 856 1110 954 qub

224 931 295 1070 ξιξ
337 957 468 1030 firmior
491 955 647 1030 adversus
672 953 838 1042 fortuita,
859 955 1109 1056 rempublicam

238 1049 299 1164 29:
337 1054 535 1162 capesseret:
550 1057 704 1130 dodlores
715 1054 884 1157 sapientia
896 1053 1027 1129 secutus
1042 1057 1109 1145 est,

263 1161 265 1165 ’
361 1161 397 1234 ui
414 1158 483 1233 sola
502 1159 616 1247 bona,
639 1185 714 1256 quae
733 1154 894 1258 honesta,
918 1157 1019 1230 mala·
1031 1181 1109 1228 tan—

333 1286 434 1350 tum,
456 1288 529 1360 quae
551 1259 684 1360 turpia:
707 1257 922 1358 potentiam,
946 1256 1110 1332 nobilita-

332 1386 429 1450 tem,
455 1385 633 1460 ceteraque
666 1383 759 1431 extra
788 1359 966 1449 animum,
993 1382 1108 1458 neque

331 1462 456 1550 bonis,
478 1487 590 1559 neque
609 1459 707 1532 malis
721 1459 960 1533 adnumerant.
988 1457 1107 1553 Quaes-

330 1562 436 1636 torius
456 1561 589 1650 adhuc,
615 1565 740 1634 aPaeto
752 1558 903 1634 Thrased
921 1588 1025 1662 gener
1046 1560 1109 1634 de·

329 1662 465 1750 lestus,
490 1688 509 1734 e
533 1656 686 1756 moribus
710 1659 816 1736 soceri
839 1660 936 1734 nihil·
951 1662 1044 1761 aequb
1067 1690 1107 1734 ac
1190 1678 1194 1682 ’

330 1761 1107 1852 Ιίδειῑιτειιιὴιιιΐιτεείιίε,[ειιιῑοι,ιιιιιίῑιιε,

355 1891 459 1955 ener,
474 1865 624 1955 amicus,
637 1866 766 1939 condis
777 1865 852 1938 vitae
868 1861 988 1936 officiis
1000 1862 1124 1963 aqua-¹

328 1894 429 2054 iilis,
452 1993 559 2067 opum
573 1991 816 2067 contemptor,
832 1965 916 2038 resti
929 1964 1107 2068 pervicax,

329 2068 482 2139 constans
504 2065 661 2139 adversus
679 2091 802 2158 metus.
1115 2125 1121 2131 .

276 2225 278 2228 -
387 2163 452 2242 Vl.
474 2171 604 2241 Eunu-r
618 2225 628 2257 ,
643 2161 767 2268 quibus
783 2161 995 2269 appetentior
1007 2161 1120 2238 famae*

326 2267 500 2344 videretur
507 2293 523 2360 '3
547 2269 687 2364 quando
704 2269 809 2340 eriam
819 2265 1030 2378 [sapientibus
1044 2293 1107 2339 cu-

328 2367 412 2469 pido
430 2366 738 2466 gloriae'noviffima
756 2385 897 2437 exuitur.
923 2361 1038 2436 Ruina
1053 2365 1109 2439 so⁴
1168 2390 1174 2397 ’
1208 2432 1210 2436 .

327 2465 420 2556 ceri,
437 2467 474 2538 in
488 2462 640 2539 exsilium
655 2462 788 2564 pulsus,
805 2489 844 2538 ut
855 2506 870 2554 ,·
881 2461 998 2537 Galbae
1007 2465 1108 2641 prin·

327 2567 464 2670 cipatu,
486 2567 589 2641 rediit
599 2605 612 2658 ,·
629 2565 838 2641 Marcellum
850 2566 990 2668 Eprium
1031 2565 1106 2640 ela-

326 2693 440 2742 torem
463 2667 620 2749 Thraseae
643 2666 795 2740 accusare
820 2666 1028 2767 adgreditur.
1054 2669 1106 2746 Ea

326 2767 438 2854 ultio,
464 2767 633 2838 incertum
650 2773 760 2865 major
781 2793 824 2837 an
844 2767 981 2861 justior,
1005 2763 1104 2841 sena-

327 2867 457 2946 cumin
475 2865 581 2940 studia
601 2864 790 2940 diduxerat.
817 2867 909 2938 Nam
924 2863 947 2936 fi
962 2864 1101 2942 caderet

277 3061 278 3066 ἵ
327 2965 543 3056 Marcellus,
570 2993 694 3070 agmen
720 2992 860 3042 reorum·
882 2966 1103 3044 sternebatur.

325 3070 443 3144 Primb
456 3069 570 3141 minax
581 3095 767 3159 certamen,
778 3080 814 3145 ὅ(
826 3068 970 3172 egregiis
983 3067 1102 3142 utrius-

247 3265 250 3272 1
292 3229 294 3235 ,
326 3199 394 3272 que
423 3169 633 3256 orationibus
656 3173 824 3246 testatum.
863 3171 973 3260 Mox,
996 3169 1102 3245 dubis

325 3271 502 3348 voluntate
517 3273 659 3361 Galba,
685 3272 801 3345 multis
821 3269 1014 3345 senatorum
1035 3267 1099 3346 de-

267 3445 271 3454 ,
325 3374 565 3476 precantibus,
591 3369 705 3446 omisit
732 3370 882 3467 Priscus3
910 3373 1034 3462 variis,
1059 3397 1107 3447 ut·

325 3475 411 3549 sunt
433 3477 614 3550 hominum
649 3475 685 3546 in
710 3473 787 3547 enia
805 3512 819 3562 ·,
855 3472 1099 3565 sermonibus,

328 3576 604 3654 moderationem
618 3503 857 3667 laudantium,
874 3600 932 3650 aut
945 3577 1115 3651 constan-2
