2792 4742
280 693 282 696 ·
354 656 618 725 ‘ntsronranon
638 641 945 721 T.L1v11Noaa.
975 682 982 692 ·
999 650 1064 743 561
1093 642 1098 649 ’

303 767 461 828 buriolitate
475 766 521 825 sui
533 764 650 847 dignum
663 780 737 841 tatus
751 763 789 822 eli
801 784 860 844 quae
872 758 947 841 priris
958 762 1073 823 fuerant
1095 768 1099 781 '

306 843 406 923 scripta
417 847 447 906 in
456 844 599 927 fugacibus
608 842 881 925 literarumvestigiis
891 842 1071 924 investigare·
1166 883 1168 889 r

305 922 477 986 Observavit
485 921 607 1003 ptimdm
619 921 649 981 in
660 922 755 983 multis
767 924 990 982 membranarum
1002 922 1077 981 illa-f
1153 958 1155 961 -

238 1021 240 1028 ¹
304 1020 369 1061 rom
383 1004 492 1085 paginis
506 1002 618 1079 scriptas
631 1002 700 1062 olim
714 1000 792 1062 inille
805 1001 949 1063 Ciceronis
961 1000 1072 1061 oratio-

305 1099 380 1156 nes,
405 1104 471 1161 quas
493 1080 566 1162 typis
586 1080 673 1141 editas
695 1081 838 1141 habemus.
872 1081 981 1141 Oculos
998 1078 1071 1159 ,ejus

301 1158 408 1240 gratiis
416 1160 635 1221 detinuittitulus
643 1158 1071 1220 aliismembranisminutilsrmo
1118 1198 1125 1206 -

280 1237 1070 1301 =charadereexaratoscnscxcmrss.nrvrrLibtunr
1165 1281 1167 1285 -
1255 1276 1256 1279 =

303 1313 382 1376 enim
394 1319 477 1380 illum
489 1318 519 1377 in
529 1316 592 1378 Titi
605 1318 684 1378 Livii
701 1312 868 1379 editionibus
884 1316 973 1377 deeile
986 1338 1072 1379 com«

302 1412 416 1473 pertum
430 1397 561 1456 habebat.
580 1397 775 1455 Curiofiratem
790 1390 848 1475 ejbs
864 1396 954 1455 adhuc
965 1417 1073 1455 accen-

299 1471 409 1548 debat,
428 1473 506 1554 qubd
525 1494 589 1551 pars
610 1474 660 1533 illa
680 1474 760 1535 Livii
781 1474 811 1533 in
832 1472 877 1533 his
896 1474 1078 1534 membranis¹

301 1552 433 1627 unciali,
454 1569 485 1611 ut
501 1552 674 1631 loquuntur,
693 1552 878 1629 charaiiere‚¹
897 1572 930 1612 ac
951 1551 1074 1629 proinde

301 1629 515 1709 antiquissimo,
535 1629 627 1691 foillet
642 1630 712 1691 olim
726 1648 850 1692 exarata.
878 1630 982 1691 Aciern
999 1652 1075 1713 ergo

304 1709 453 1769 oculorum
465 1709 606 1786 intendit,
626 1726 659 1769 ot
671 1711 803 1771 extritam
818 1710 899 1769 illam
910 1710 990 1769 Livii
1003 1732 1077 1787 par-⁴

301 1804 384 1864 tent,
406 1788 508 1869 quantit
525 1787 613 1866 pollet
630 1788 838 1867 perspicacitate
859 1794 885 1847 Β(
904 1787 1074 1868 diligentia,

302 1867 414 1949 legeret
432 1888 466 1927 ac
481 1866 659 1926 describeret.
688 1867 772 1927 Illam
790 1867 882 1946 postea
899 1886 973 1925 anno
992 1888 1069 1947 1773

302 1944 466 2027 Hamburgi
477 1946 553 2026 typis·
562 1945 673 2005 edidit:
687 1945 803 2005 confifirs
817 1965 873 2004 non
887 1944 1003 2019 defore,
1019 1942 1072 2024 qui

304 2023 553 2103 praestantillimum
569 2025 701 2086 Romanae
713 2032 739 2085 ἃ
750 2024 883 2103 Hispane
897 2022 952 2083 ant'
973 2024 1072 2085 uitatis

303 2120 518 2164 monumennrrn
526 2124 577 2182 pro
587 2104 628 2165 rei
672 2105 772 2167 avitare
782 2103 961 2163 illustrarent.
990 2124 1074 2163 xem-

302 2182 366 2261 plar
378 2182 601 2265 Hamburgianae‘
615 2205 631 2243 e
652 2183 764 2259 irionis,
783 2181 915 2243 Londino
934 2180 1072 2257 millum,

300 2263 417 2337 nadus,
435 2262 509 2322 illud
520 2262 610 2322 statim
624 2270 651 2323 ἃ
665 2263 867 2345 supplemento
885 2259 1019 2339 explevi,
1040 2266 1072 2321 8ο

301 2340 513 2417 adnotationes,
534 2343 632 2421 quibus
647 2364 715 2421 opus
730 2359 789 2403 erat
803 2339 927 2401 maxime
940 2339 976 2399 ad
987 2357 1074 2401 vete-v

300 2438 364 2479 rern
388 2419 602 2503 Geographiam
626 2422 846 2499 explicandam,
866 2418 972 2480 addidi.
1003 2418 1088 2479 Nec'

300 2514 395 2559 tamen
407 2522 502 2559 meam
515 2500 586 2559 hane
601 2502 725 2578 opellam
740 2520 800 2561 turn
817 2499 851 2559 in·
862 2500 956 2559 lucem
967 2498 1068 2571 emifi,

195 2606 197 2608 ·
302 2576 380 2655 qubd
394 2577 473 2637 litiis
487 2578 616 2637 duxerim
629 2580 713 2639 illam
726 2600 792 2641 curn
805 2576 896 2637 alteri
907 2577 961 2637 hac
972 2574 1073 2639 Taciti

303 2654 428 2715 editione
441 2656 624 2739 conjungere.

344 2739 372 2794 T
369 2737 406 2795 iti
418 2737 510 2795 Livii.
519 2735 612 2797 Tanta
623 2733 662 2795 est
671 2735 745 2813 apud
758 2734 902 2799 literarum
913 2734 1071 2795 &historiae

299 2812 407 2893 peritos
424 2814 468 2874 T.
481 2814 560 2875 Livii
576 2815 803 2890 commendatio,
823 2833 854 2876 ut
875 2815 1014 2875 summum
1037 2814 1074 2873 fir

302 2891 430 2949 omnium
440 2890 626 2965 deficiet-ium,
638 2890 715 2967 qudd
724 2913 769 2949 ma
791 2893 826 2951 nai
838 2894 1000 2967 scriptorum
1009 2891 1071 2971 ejus

300 2983 379 3046 parte
398 2986 520 3029 careant.
544 2968 695 3045 Superiore
712 2912 810 3027 sectio
829 2970 1071 3046 quammaximarn

298 3045 426 3109 laetitiam
437 3046 471 3106 iis
487 3047 579 3107 attulit
593 3045 735 3111 lohannes
751 3042 900 3122 Horrion,
921 3046 1072 3109 Societatis

302 3124 391 3197 Jesn,
415 3123 481 3184 cion
498 3124 603 3184 librom
628 3144 744 3185 xxxnr
759 3123 799 3184 T.
810 3124 911 3201 Livii,
936 3148 1021 3206 qoem
1039 3126 1072 3185 in

301 3203 480 3265 Bibliotheci
500 3202 628 3264 Ecclefiae
648 3202 823 3264 Cathedralis
840 3204 1003 3287 Bambergae
1022 3220 1072 3263 re*
1138 3254 1141 3275 ,

302 3298 416 3374 peterat
423 3282 630 3378 ,xl’aderbornae
640 3282 728 3342 edidit
739 3304 811 3342 anno
824 3294 911 3356 1617.
928 3286 994 3343 Pars
1004 3282 1073 3343 libri

303 3360 694 3513 i⁶lttlailtbgl3all²l
709 3362 1077 3503 lltlbffllbllllflss

305 3518 468 3600 animosque
478 3519 583 3579 addere
594 3522 693 3593 debet,
705 3520 980 3582 utBibliothecarum
989 3518 1078 3582 foruli

306 3597 417 3681 ipsique
440 3598 553 3670 codices
571 3597 741 3685 palimpsesti
767 3598 974 3741 diligentilpme
992 3599 1082 3682 nspi·
1148 3679 1156 3694 Ι

877 3730 881 3739 ,
938 3702 955 3743 a
974 3702 991 3745 v
1153 3710 1166 3723 '
