2792 4742
313 659 357 704 12
426 634 972 709 communem

182 780 299 825 Ξε-
312 752 516 829 necessitates
530 784 538 827 ε
562 752 633 857 ipsa
647 754 817 829 neceffitas
834 752 967 831 fortiter
987 751 1085 829 tole-³·

180 842 213 893 ⁶⁴·
226 846 299 895 Μ·
313 879 404 927 rata:
431 864 465 928 &
492 854 634 928 laudatis
663 858 882 953 antiquorum
910 856 1085 929 mortibus‘

204 943 276 1071 3²2·
336 981 406 1027 ates
431 954 548 1029 exitus.
588 960 709 1029 Praeter
735 955 939 1055 multiplices
962 983 1077 1030 retum

216 1051 276 1171 39:
312 984 539 1139 iiumamrum
557 1053 672 1145 casus,
695 1052 776 1127 caelo
789 1054 943 1154 terraique
982 1057 1079 1130 todi-

311 1156 393 1256 gia,
420 1164 456 1229 &
476 1152 662 1229 fulminum
688 1154 864 1243 monitus,
884 1165 920 1229 &
959 1180 1081 1229 uturo-

309 1281 386 1327 rum
437 1253 590 1357 raesagia,
613 1255 711 1345 latta,
737 1254 864 1344 tristia,
887 1254 1079 1357 ambigu23

307 1283 494 1431 maniiista.
526 1358 600 1431 Nec
625 1357 720 1429 enim
742 1382 907 1455 umquam
930 1358 1077 1439 atrocius

308 1456 400 1529 tibus
418 1484 463 1557 po
489 1454 534 1529 uli
554 1457 706 1531 Romani
729 1454 905 1547 cladibus,
927 1454 1080 1558 magisve

307 1557 397 1658 justis
419 1485 556 1629 inriiciit
575 1556 799 1658 approbatum
820 1559 889 1648 est,
915 1584 986 1630 non
1009 1554 1081 1631 effe

308 1683 393 1729 eutae
416 1656 488 1731 deis
510 1654 725 1732 securitatem
746 1658 914 1747 nostram,
939 1654 1005 1732 effe
1026 1655 1079 1748 ul:

309 1757 453 1829 tionem.

362 1858 427 1933 lV.
448 1859 668 1931 Crrrnun
698 1880 882 1958 antequam
915 1856 1081 1931 destinata¹

307 1985 537 2059 componam,
554 1958 779 2059 repetendum
794 1960 951 2047 videtur,
970 1956 1084 2057 qualis

270 2082 286 2127 a
306 2060 405 2129 status
418 2056 522 2129 Urbis
535 2112 547 2144 ‚
560 2084 633 2155 qua:
645 2084 743 2130 mens
755 2059 985 2146 exercituum,
1000 2057 1081 2156 quis

307 2154 441 2229 habitus
490 2156 741 2244 rovinciarum,
766 2156 852 2254 quid
866 2158 902 2229 in
917 2169 990 2229 t'oto
1008 2181 1079 2229 ter-

165 2336 170 2345 ,
307 2282 422 2345 rarum
435 2184 518 2328 otim
532 2253 706 2353 validum,
719 2254 804 2354 quid
816 2284 841 2329 ae
866 2284 942 2330 rum
955 2254 1082 2331 fuerit:

249 2374 252 2379 ’
307 2381 439 2431 utnon
465 2354 571 2427 modu
594 2354 682 2426 casus
699 2285 912 2454 ‘eventulirue
936 2381 1081 2447 return,·

308 2457 369 2557 qui
398 2454 598 2557 pierumque
624 2450 756 2525 fortuiti
780 2451 883 2545 sunt,
907 2454 966 2530 sed
990 2457 1081 2529 ratio

308 2557 414 2629 etiam
431 2551 599 2653 causaeque
615 2551 804 2628 noscantur.
827 2556 915 2637 Finis
930 2557 1079 2632 Neronis

308 2683 347 2731 ut
357 2655 447 2730 laetus
458 2654 570 2757 primo
581 2654 803 2755 gaudentium
811 2656 944 2759 impetu
954 2655 1079 2747 fuerat,
1173 2731 1175 2734 .

307 2758 356 2830 ita
373 2757 482 2829 varios
503 2779 615 2827 motus
633 2754 852 2844 animorum,
875 2782 947 2829 non
967 2757 1080 2829 modi>

307 2858 345 2931 in
362 2855 459 2929 Urbe
475 2854 565 2956 apud
578 2879 686 2955 patres
700 2911 711 2943 ,
734 2880 792 2928 aut
804 2856 992 2957 populum,
1017 2881 1076 2931 aut

304 2957 490 3031 Urbanum
507 2954 680 3043 militem,
705 2952 766 3029 sed
783 2983 903 3031 omnes
921 2957 1076 3058 legiones

308 3055 477 3156 ducesque
506 3056 723 3144 conciverat,
749 3056 907 3156 evulgato
937 3057 1075 3159 imperii

308 3185 454 3245 arcano,
487 3153 577 3256 poffe
607 3157 809 3257 Principem·
826 3155 939 3247 alibi,
970 3158 1082 3257 quam*

308 3261 429 3334 Romu
454 3256 537 3329 fieti.
577 3258 644 3331 Sed
671 3282 781 3356 patres
807 3254 899 3344 laeti,
923 3256 1077 3356 usurpati

308 3356 611 3445 statitn'liberta'te‚
634 3354 811 3439 licentius,
834 3379 872 3426 ut
888 3379 967 3453 erga
979 3357 1073 3427 Prin-

310 3460 421 3559 cipem
448 3484 576 3533 novum
606 3465 641 3531 δε
665 3451 872 3525 absentem:
907 3454 1073 3555 primores

311 3559 466 3659 equitum
492 3551 638 3675 preximi
663 3552 788 3658 gaudio
813 3579 976 3660 patrum:
999 3583 1076 3663 part
