2792 4742
381 619 709 674 mstoaraauu
734 596 824 671 Lrn.
853 594 918 673 111.
972 624 1045 697 237

272 718 472 795 ⁸·.'‘rrscindere
487 719 666 822 parabant,
679 720 717 793 ni
727 718 908 793 Mucianus
922 714 1048 791 sextam
1060 752 1176 799 ἓ

276 818 451 922 legionem
466 817 692 921 opposuisset,
715 816 955 893 Cremonenfis
977 821 1047 893 vic·
1060 824 1091 875 Α·
1104 826 1133 873 U·
1144 822 1177 875 C·

278 924 373 995 totiae
387 948 530 1023 gnarus,
547 949 585 993 ac
598 948 642 995 ne
657 946 794 995 externa
808 920 915 995 moles
929 922 1048 993 uttim-
1086 917 1153 969 ⁸²²·

305 1048 349 1095 ue
374 1023 572 1123 ingrueret,
599 1019 624 1095 sr
649 1021 766 1095 Dacus
791 1019 1049 1123 Germanusque
1084 1013 1107 1062 ³·
1128 1012 1160 1062 ⁰·

278 1050 401 1197 iiiverfi
413 1119 621 1224 inrupissent.
635 1118 782 1213 Adfuit,
797 1147 835 1196 ut
848 1120 930 1225 saepe
943 1122 1023 1195 alias
1036 1180 1048 1213 ,
1097 1102 1146 1165 ⁶9·

279 1219 420 1297 fortuna
430 1221 547 1325 populi
561 1224 735 1313 Romani,
759 1250 833 1324 quae
847 1224 1053 1297 Mucianum

280 1321 436 1423 viresque
468 1323 623 1397 Orientis
653 1322 735 1397 illuc
761 1324 868 1397 tulit:
898 1333 934 1397 &
958 1326 1053 1424 quod

282 1426 467 1498 Cremona
484 1425 625 1497 interim
642 1422 750 1498 transe
775 1426 874 1497 imus.
896 1427 1053 1499 Fonteius

282 1522 436 1627 Agrippa
444 1551 486 1598 ex
494 1523 592 1620 Asici(
602 1551 663 1626 pro
674 1454 811 1599 conliile
826 1552 902 1598 eam
914 1527 1055 1627 provin·
1160 1556 1165 1561 ·

284 1626 375 1699 ciam
403 1652 517 1699 annuo
542 1625 689 1727 imperio
716 1630 896 1720 tenuerat)
926 1626 1056 1700 Moefiae

282 1725 474 1828 praeposrtus
486 1728 533 1801 est
548 1756 557 1797 ε
576 1726 702 1798 additis
714 1728 818 1825 copiis
833 1725 1056 1800 eVitelliano

283 1827 455 1916 exercitu,
471 1851 578 1925 quem
593 1823 703 1925 spargi
718 1851 778 1925 per
792 1824 977 1925 provincias
992 1882 1002 1914 ,
1020 1838 1057 1900 &

281 1952 426 2001 externo
442 1924 537 2021 bello
555 1921 713 2025 inligari,
735 1951 814 2038 pars
830 1922 980 2021 consilii,
999 1953 1057 2029 pa-

280 2025 398 2127 cisque
422 2051 505 2102 erat.
731 2038 735 2047 '
928 2078 930 2083 -
1143 2106 1146 2111 ,

336 2129 484 2203 XLVII.
503 2128 580 2202 Ncc
597 2150 715 2201 cetera
734 2126 888 2201 nationes
905 2125 1057 2204 silebant.

284 2226 404 2301 Subita
417 2254 477 2330 per
488 2230 639 2302 Pontum
654 2254 749 2301 arma
762 2227 943 2301 barbarum
957 2256 1057 2303 man·

286 2328 415 2430 cipium
426 2386 437 2418 ‚
450 2327 550 2444 regia
562 2327 741 2429 quondam
751 2326 853 2407 classis
864 2324 1056 2427 praefectus,

284 2455 463 2505 moveratr
487 2456 516 2503 rc
546 2426 612 2504 fuit
637 2428 831 2520 Anicetus,
860 2430 1056 2505 Polemonis

284 2527 451 2618 libertus,
476 2552 661 2629 prepotens
686 2530 798 2616 olim,
821 2541 857 2603 &
880 2533 1057 2629 postquam
1087 2568 1091 2579 ·

282 2652 432 2730 regnum
457 2626 495 2700 in
518 2625 668 2701 formam
683 2626 864 2729 provincia
884 2652 1055 2721 verterat,

286 2728 487 2803 mutationis
500 2728 692 2831 impatiens.
721 2728 828 2831 Igitur
841 2727 978 2803 Vitellii
992 2757 1056 2802 no-
1135 2792 1139 2799 .

288 2831 413 2920 mine,
437 2827 573 2903 adscitis
597 2828 778 2932 gentibus,
809 2857 882 2930 quae
906 2832 1056 2907 Pontum

288 2931 470 3019 accolunt,
499 2954 657 3031 corrupto
680 2931 717 3001 in
743 2928 838 3029 spem
863 2932 1057 3031 rapinarum

290 3030 503 3132 egentissimo
532 3055 705 3129 quoque,
741 3028 832 3101 haud
865 3031 1058 3105 temnendae

287 3131 410 3206 maniis
421 3131 566 3219 dusiot,
590 3131 871 3229 Trapezuntem,
895 3134 1058 3205 vetustam

289 3232 374 3307 Asrae
402 3232 605 3320 civitatem,
639 3259 659 3303 a
687 3230 812 3303 Graccis
841 3228 878 3301 in
906 3246 1058 3305 extremo

290 3334 438 3406 Pontica
458 3360 523 3406 orae
544 3331 746 3420 conditam,
770 3326 896 3404 subitus
920 3330 1059 3431 inrupit.

290 3430 385 3511 Caesa
396 3434 446 3504 ibi
459 3435 579 3507 cohors
593 3490 605 3520 ,
626 3435 760 3533 regium
774 3432 937 3504 auxilium
952 3431 1060 3523 olim,

285 3560 375 3637 μοι
395 3531 513 3606 donati
537 3532 672 3619 ciuitate
696 3528 876 3620 Romani,
901 3528 993 3637 figna
1009 3556 1060 3621 at«,
