2792 4742
291 614 375 701 ¹¹5⁶
418 603 975 677 C.'CortuutrrTacrrl

174 744 290 789 εις-ἐ
303 722 392 797 ultto
422 721 583 795 libertum
611 718 710 794 suum
739 720 898 797 Vitellius
925 722 1077 821 juberent

169 814 207 867 d.
217 815 248 863 υ·
261 814 293 865 ⁰·
305 824 445 897 Cluvius
484 822 662 894 comitatui
697 822 859 922 Principis
893 822 1076 921 adjeelus3

192 896 266 1034 ,⁸²²6
306 953 375 997 non
391 919 548 1021 ademptal
573 920 757 1021 Hispanid,
789 950 894 1021 quam
909 925 994 996 rexit
1011 923 1077 995 ab·

205 1014 272 1128 bs
305 1023 412 1113 sens,
450 1022 607 1121 exemplo
628 1026 668 1094 L.
691 1022 846 1107 Arruntii
871 1050 878 1093 ε
901 1048 981 1096 eum
1011 1023 1075 1097 Ti-

287 1126 417 1203 .betius
431 1120 541 1195 Caesat
563 1122 610 1193 ob
624 1148 784 1210 metum,
805 1121 965 1197 Vitellius
987 1122 1076 1195 Clu-

303 1226 401 1300 vium
429 1222 520 1295 nullal
560 1219 746 1295 formidine
779 1222 955 1295 retinebat.
993 1224 1076 1296 Non

302 1324 399 1399 idem
423 1322 601 1395 Trebellio
616 1322 775 1395 Maximo
799 1324 931 1395 honos:
958 1318 1077 1420 profu-

302 1450 400 1525 gerat
414 1422 586 1530 Britannid
594 1478 606 1510 ,
618 1422 664 1495 ob
677 1423 888 1497 iracundiam
904 1422 1077 1494 militumt

306 1522 423 1597 millus
446 1527 492 1596 est
512 1526 548 1595 in
563 1523 677 1596 locum
695 1530 790 1621 ejus,
812 1523 949 1601 Vettius
972 1520 1075 1595 Bola-

304 1653 368 1700 nus
390 1622 648 1725 epraesentibus.
707 1662 708 1665 ¹

353 1726 483 1800 LXVl.
508 1722 889 1801 AuouuntVitellium·
910 1724 1075 1797 vidlatum

305 1824 484 1925 legionum
500 1824 764 1928 haudquaquam
780 1811 901 1899 fradus
918 1825 1078 1897 animus:

306 1922 420 2026 sparsa
443 1953 504 2031 pet
528 1926 696 2014 ltaliam,
733 1936 769 2000 &
796 1924 978 1999 vidioribus
998 1949 1082 2023 per-

305 2026 445 2113 mixtae,
478 2025 609 2098 hostilia
636 2025 889 2122 loquebanturt
916 2026 1081 2125 praecipua

305 2125 684 2222 quartadecimanorum
706 2122 832 2196 ferocia
859 2183 871 2211 ,
912 2127 971 2222 qui
1003 2157 1023 2187 α
1041 2119 1080 2194 se

304 2226 469 2299 avidos»
501 2224 721 2309 abnuebant:
751 2258 772 2288 α
788 2224 912 2323 quippe
936 2220 1077 2295 Bebria-

305 2323 423 2399 :ocensr
450 2324 548 2412 acie,
577 2324 755 2397 vexillariis
786 2321 917 2403 tantum
950 2319 1048 2419 pulsrs
1064 2344 1080 2407 ,·

300 2424 421 2501 orites
446 2422 589 2519 legionis
617 2447 687 2491 non
712 2418 852 2491 adluiss'e
867 2454 904 2491 ω.
930 2419 1081 2493 Remitti

207 2576 210 2581 -
308 2548 367 2595 eos
388 2521 424 2591 in
451 2518 686 2610 Britanniam,
705 2518 797 2592 unde
820 2548 839 2592 a
858 2520 1076 2604 Neroneex-

309 2622 369 2697 citi
383 2646 502 2710 erant,
524 2620 672 2721 placuit,
693 2645 795 2719 atque
819 2618 957 2693 interim
975 2622 1077 2709 Bata·

306 2748 429 2797 vorum
455 2723 610 2802 cohortes
635 2718 700 2789 und
725 2716 864 2791 tendere
879 2774 894 2805 ,
917 2719 963 2791 ob
986 2744 1080 2793 veto

307 2845 383 2892 rem
413 2816 568 2891 adversus
596 2817 911 2915 quartadecimanos
949 2816 1078 2890 discor-

310 2919 403 2993 diam
418 2948 427 2989 :
446 2945 507 2991 nec
521 2918 581 2990 diu
599 2917 636 2988 in
651 2918 751 2991 tantis
766 2942 974 2991 armatorum
989 2919 1077 2995 odiis

309 3020 404 3118 quies
424 3015 500 3093 fuit.
525 3017 679 3119 Auguste
709 3018 964 3109 Taurinorum,
992 3019 1077 3095 dum

217 3130 221 3156 ¹
310 3119 469 3220 opificem
501 3116 694 3217 quemdam
719 3121 859 3193 Batavus
880 3176 892 3208 ,
917 3145 954 3193 ut
984 3116 1077 3194 frau-

311 3221 501 3307 datorem,
535 3217 739 3307 insectatu,
770 3220 995 3319 legionarius,
1038 3245 1077 3296 ut

307 3319 500 3422 hospitem,
519 3344 658 3409 tuetur,
687 3317 736 3391 sui
757 3321 878 3417 cuique
901 3317 1077 3391 commili-

307 3444 403 3495 tones
433 3420 632 3523 aggregati,
661 3418 857 3490 aconviciis
877 3417 921 3491 ad
945 3416 1073 3492 caedem

308 3522 464 3630 trurfiete
485 3552 494 3596 r
512 3531 547 3599 &
562 3517 842 3627 prolium'atrox
865 3514 987 3595 arfillet
999 3573 1016 3624 ἒ,
1037 3520 1081 3603 ni

349 3681 368 3749 ll
