2792 4742
371 654 421 735 ‘52
490 628 817 711 C.C0RN1.³1·11
848 634 1055 722 Tucim,
1117 615 1122 619 ,

245 772 361 819 Ξ
374 760 551 839 vexatum,
566 748 771 850 dispensator
782 747 1146 853 Argius,eprioribu8
1229 754 1232 760 ’

244 840 275 892 A.
287 844 362 900 Μ·
374 840 497 933 servis,
517 848 639 933 humili
658 851 848 953 sepulturi,
867 854 904 924 in
920 852 1055 954 privatis
1068 859 1140 950 ejus

266 932 336 1072 ξιξ·
374 948 479 1021 hortis
489 946 647 1032 contexit,
656 956 770 1052 Caput
778 979 838 1053 pet
848 944 929 1028 lixas
940 948 1141 1051 calonesque

275 1054 340 1165 ⁶⁶9:
373 1044 550 1141 suffixum,
567 1052 818 1152 laceratumque
832 1077 910 1125 ante
926 1052 1077 1125 Patrobii
1089 1075 1144 1123 tu-

371 1147 507 1222 mulum
536 1150 703 1243 (libertus
731 1153 759 1225 is
784 1152 929 1226 Neronis
956 1153 1093 1253 punitus
1121 1180 1143 1223 a

371 1248 482 1322 Galba
500 1246 634 1347 fuerat)
659 1250 786 1351 posteri
803 1252 945 1325 demum
958 1252 1015 1325 die
1029 1264 1145 1353 repen

371 1374 470 1441 tum,
493 1360 528 1424 &
546 1378 696 1427 cremato
712 1361 781 1451 jam
798 1352 932 1454 corpori
947 1352 1145 1425 admixtum·

371 1451 428 1527 est.
440 1454 540 1525 Hunc
552 1456 679 1529 exitum
690 1452 809 1527 habuit
821 1455 890 1527 Ser.
898 1452 1021 1541 Galba,
1033 1451 1146 1526 tribua

370 1560 407 1626 δε
429 1548 544 1652 septua
568 1555 640 1651 inte
661 1555 776 1643 annis,
800 1554 952 1653 quinque
969 1554 1144 1652 Principes

370 1648 527 1753 prosperi
541 1584 676 1728 brtunl
693 1653 847 1730 emensus
866 1710 877 1741 ,
898 1664 933 1727 &
948 1651 1060 1729 alieno
1071 1654 1145 1730 im-

364 1752 466 1854 perio
479 1749 633 1845 felicior,
644 1756 747 1855 qurlm
760 1753 830 1832 suo.
841 1755 996 1829 Vetusin
1009 1750 1143 1825 familia

348 1938 349 1941 Ἴ
369 1850 556 1945 nobilitas,
580 1883 710 1969 magna
723 1882 824 1957 opes:
845 1854 906 1970 ipsi
920 1851 1075 1927 medium
1088 1854 1145 1927 in⁴
1218 1934 1224 1940 ,

371 1956 536 2054 genium,
560 1982 668 2055 magis
693 1982 786 2031 extra
808 1956 913 2044 vitra,
935 1954 1039 2053 quam
1059 1980 1143 2029 cum

371 2054 561 2129 virtutibus.
603 2058 709 2127 Famae
738 2081 801 2126 nec
829 2051 1046 2140 incuriosus,
1076 2080 1144 2130 nec

369 2153 574 2229 venditator.
589 2155 740 2227 Pecunia
749 2152 865 2225 aliena
876 2179 947 2225 non
956 2176 1117 2251 appetens
1127 2210 1144 2242 ,

369 2250 434 2326 suae
452 2282 594 2356 parcus,
620 2253 761 2356 publica
776 2279 905 2325 avarus.
933 2251 1153 2329 Amicorum.

370 2354 667 2451 libertorumque,
692 2353 752 2423 ubi
769 2352 805 2421 in
822 2352 930 2423 bonos
950 2351 1144 2443 incidiffet,

369 2450 438 2525 sme
453 2448 709 2553 reprehensione
721 2449 870 2553 patiens:
884 2449 908 2523 sr
920 2450 1003 2525 mali
1015 2449 1144 2544 forent,

256 2556 258 2561 ’
370 2548 475 2651 usque
489 2552 532 2626 ad
546 2550 685 2654 culpam·
694 2552 839 2655 ignarus.
859 2551 926 2627 Sed
939 2552 1069 2632 claritas
1080 2583 1146 2635 na-

259 2666 261 2673 ’
373 2652 520 2743 talium,-
546 2664 582 2728 δε
604 2678 714 2726 metus
739 2677 934 2753 temporum
959 2655 1143 2744 obtentui,

372 2776 435 2840 ut,
457 2753 551 2851 quod
573 2749 715 2850 segnitia
738 2775 833 2838 erat,
860 2749 1019 2850 sapientia
1040 2781 1146 2830 voca-

371 2875 473 2924 retur.
500 2853 598 2924 Dum
615 2849 753 2951 vigebat
767 2874 867 2937 atas,
888 2848 1028 2924 militari
1040 2850 1144 2930 laude

296 2976 297 2979 ’
371 2950 676 3051 apudGermanias
690 2949 802 3023 floruit
816 2970 827 3022 i
849 2948 1027 3065 proconsul
1044 2948 1143 3030 Afria

287 3093 290 3097 ·
371 3079 445 3124 cam
474 3050 668 3124 moderate:
695 3060 766 3149 jam
789 3049 924 3140 semor,
947 3050 1142 3127 citeriorem

370 3152 567 3253 Hispaniam
585 3152 656 3255 pari
671 3150 793 3250 justitil
813 3151 1009 3226 continuit:
1032 3162 1141 3252 major
1167 3224 1172 3231 .

368 3254 499 3355 privato
512 3250 620 3342 visus,
640 3252 725 3325 dum
741 3252 888 3353 privatus
902 3251 967 3325 fuit
982 3309 993 3339 ,
1012 3263 1048 3325 &
1063 3281 1141 3326 om·

360 3347 469 3444 ,nium
484 3350 644 3426 consensu
658 3379 760 3453 capax
773 3352 929 3452 imperii,
951 3349 1011 3421 nist
1026 3351 1149 3453 impe--

372 3449 479 3531 rallet.
633 3456 635 3461 ’
1046 3541 1050 3549 Ι

420 3558 459 3639 L.
481 3553 681 3632 ,Tamum
700 3550 864 3637 Urbem,
886 3574 923 3619 ac
938 3546 1037 3624 simul
1053 3574 1156 3654 atro-'¹
