2792 4742
348 700 353 714 ’
431 703 762 766 nrs'rontanun
788 687 882 766 Lru.
906 685 970 764 IV.
1022 660 1129 791 375¹

322 834 456 888 teretur
482 811 662 916 ingenium
692 819 790 914 ejus,
815 803 1062 908 damnamsque
1081 835 1226 886 ,Ξ

321 913 413 988 inter
427 910 539 1016 ipsum
552 911 776 1017 supplicium,
793 910 1009 1016 exprobranti
1022 911 1138 984 cui-o
1147 909 1181 964 ⁰·
1191 907 1227 961 ⁶⁴

278 1100 285 1104 .
324 1015 406 1088 dam
428 1014 601 1120 «patriam
621 1024 691 1116 ejus
714 1038 847 1117 captam
856 1047 894 1102 a,
912 1011 1096 1186 caccippre
1134 1000 1203 1068 ⁸²3·

321 1114 384 1190 ase
396 1113 554 1191 solatium
569 1117 719 1191 mortis»
737 1112 920 1219 respondit.
934 1111 1001 1190 Sed
1059 1140 1096 1187 u·

322 1218 461 1308 cianus,
477 1218 572 1322 quod
584 1218 644 1292 diu
657 1217 909 1309 occultaverat,
928 1239 967 1288 ut
978 1240 1096 1289 recens

324 1345 365 1393 en
389 1319 561 1423 rompfrt:
596 1351 619 1386 α
641 1320 848 1414 Quoniam3
882 1315 963 1391 beni
989 1315 1096 1392 nitate

321 1347 486 1512 adium,
514 1419 626 1494 fradra
656 1420 805 1494 hostium
834 1418 923 1493 vires
953 1344 1097 1508 liorem,

322 1549 472 1624 raparum
497 1522 619 1596 decore
645 1521 917 1609 Domitianum,
939 1514 1098 1592 confesto

320 1624 454 1724 »prope
470 1621 593 1712 bello,
618 1621 735 1697 aliena
752 1621 867 1722 gloriae
886 1621 1098 1694 interventu-

321 1749 439 1796 arum.
470 1725 505 1796 Si
525 1726 624 1796 status
644 1724 808 1823 imperii,
831 1746 889 1794 aut
909 1718 994 1792 salus
1009 1719 1096 1808 Gal-

322 1822 477 1894 „linum
486 1825 522 1894 in
534 1821 936 1906 discrimineverteretur,
944 1817 1096 1894 debuiffe

322 1919 521 1996 „caesarem
544 1923 582 1994 in
607 1921 678 1996 acie
704 1922 820 1994 staree
848 1916 1096 1994 Canninefates

320 2018 560 2121 »Batauosque
576 2021 766 2096 minoribus
776 2019 920 2094 ducibus
932 2017 1096 2120 delegan-

321 2122 425 2197 ados.
464 2121 537 2223 lpse
558 2123 723 2227 Lugduni
752 2123 825 2196 vim
853 2118 1097 2220 fortunamque

322 2222 555 2327 „principatus
579 2251 598 2298 e
621 2223 779 2327 proximo
798 2220 1006 2310 ostentaret,
1030 2247 1096 2294 nec

320 2326 458 2428 „parvis
467 2325 624 2426 periculis
636 2326 814 2398 immixtus
827 2379 839 2413 ,
859 2332 895 2399 δε
908 2320 1096 2424 majoribus

286 2484 288 2488 ,
320 2453 421 2498 anon
441 2421 665 2500 defuturus».
776 2459 779 2467 ·

311 2531 314 2540 '
372 2524 576 2600 LXXXVI.
608 2527 949 2597 htrurroutnurure
981 2542 1098 2598 artese

323 2623 384 2696 sed
396 2651 470 2726 pars
484 2622 639 2723 obsequii
654 2624 691 2696 in
706 2649 772 2712 eo,
795 2648 840 2695 ne
863 2621 1098 2723 deprehende-

322 2749 464 2799 rentur:
489 2725 537 2798 ita
563 2723 776 2825 Lugdunum
802 2747 958 2797 ventum.
989 2722 1097 2798 Unde

322 2827 472 2900 creditur
485 2827 733 2916 Domitianus,
757 2822 899 2897 occultis
918 2822 963 2896 ad
976 2826 1096 2899 Ceria·
1136 2854 1139 2862 ·

324 2923 395 2997 lem
411 2926 562 3010 nuntiis,
587 2925 694 2996 fidem
710 2933 782 3020 ejus
795 2921 970 2996 tentavisse
985 2981 997 3013 ,
1019 2957 1041 2989 c
1051 2954 1103 2998 an-

323 3021 504 3125 apraesenti
534 3022 596 3094 fibi
625 3025 812 3096 exercitum
842 3021 1097 3125 imperiumque

324 3123 534 3196 „traditurus
556 3119 690 3197 foretn:
712 3121 779 3224 quai
800 3123 1005 3224 cogitatione
1025 3124 1098 3197 bel-

325 3223 400 3298 lum
419 3221 575 3298 adversus
590 3249 725 3324 patrem
739 3222 939 3325 agitaverit,
956 3254 1000 3298 an
1015 3251 1098 3326 opes

219 3353 223 3364 ‘
325 3322 478 3426 vitesque
506 3325 663 3399 adversus
691 3322 865 3415 fratrem,
899 3326 936 3398 in
964 3327 1099 3398 incerto

325 3423 392 3498 fuit
403 3456 411 3496 τ
424 3454 505 3500 nam
514 3425 675 3516 Cerialis,
686 3425 809 3500 salubri
823 3447 1098 3524 temperamento

323 3525 441 3616 elusu,
462 3553 498 3599 ut
511 3556 596 3600 vana
609 3527 783 3628 pueriliter
799 3525 1007 3626 cupientem.
1023 3527 1097 3598 Do·
1117 3605 1126 3615 x

323 3627 485 3704 mitianus
509 3625 621 3732 sperni
649 3656 669 3702 a
698 3625 885 3709 senioribus
917 3633 1096 3728 juventam
1118 3670 1122 3674 -

1130 1093 1203 1146 JC·

1145 1193 1200 1253 701
