2792 4742
349 680 723 737 nrsronrrrtunc
754 664 858 736 Lrn.
888 664 915 737 1.
980 690 1023 761 45

244 781 355 885 jubet.
370 781 481 883 Igitur
493 778 621 855 milites
630 782 802 871 Romani,
813 782 905 883 qurfi
918 783 1031 859 Volo-
1044 814 1161 865 ἕξ

243 881 351 1056 pesen
365 939 377 972 ,
395 907 453 957 aut
468 885 657 972 Pacorum,
682 883 774 957 avito
786 882 1029 961 Arsacidarum
1043 884 1076 935 A.
1087 885 1119 931 ⁰·
1129 882 1162 939 θ’

260 982 334 1055 olio
366 977 573 1096 depulsuri,
606 1010 644 1056 oc
674 1011 748 1059 non
777 988 1027 1087 Imperatorem
1069 972 1140 1029 ⁸²²·

243 1080 379 1173 suum,
410 1109 583 1157 inermem
611 1093 647 1157 δι
676 1082 828 1175 senem,
858 1087 1028 1164 trucidare
1065 1070 1090 1121 ³⁰
1108 1067 1145 1125 ⁰⁸

235 1209 458 1357 pergerent,
489 1181 629 1297 disjedid
661 1183 797 1298 plebe,
831 1187 1028 1286 proculcato
1080 1161 1132 1220 ⁶⁹‘

258 1311 279 1359 e

280 1308 388 1372 natu,
400 1308 510 1359 truces
524 1309 649 1371 armis,
662 1284 789 1385 rapidis
802 1288 898 1384 equis
911 1286 1029 1364 forum

242 1382 471 1487 inrumpunt:
494 1411 559 1459 nec
577 1382 656 1457 illos
669 1384 838 1486 Capitolii
853 1385 1029 1489 aspedus,

243 1494 283 1559 δι
300 1484 567 1559 imminentium
585 1484 798 1589 templorum
815 1486 966 1589 religio,
991 1500 1031 1563 &

243 1584 378 1687 priores
390 1596 427 1660 δι
440 1583 548 1659 futuri
560 1585 735 1687 Principes
750 1611 923 1677 terruere,
943 1616 1029 1688 quo-

244 1685 364 1759 minus
391 1683 546 1761 facetent
573 1683 709 1774 scelus,
741 1695 834 1788 cujus
862 1687 955 1766 ultor
982 1691 1030 1763 est

241 1782 399 1885 quisquis
417 1783 578 1859 succeffit.

291 1885 505 1961 XL1.Vrso
527 1880 684 1952 cominus
697 1905 910 1958 armatorum
922 1882 1034 1983 agini„

240 2010 303 2073 ne,
312 1980 513 2065 vexillarius
521 1978 718 2065 comitantis
726 1978 1035 2070 Galbamcohortis

242 2081 444 2177 (cAtilium
462 2079 705 2179 Vergilionem
723 2075 857 2160 fuiffes
868 2082 1032 2179 tradunt)

243 2182 330 2257 dere
356 2207 430 2259 tam
447 2179 568 2254 Galbae
583 2180 778 2281 imaginem
795 2177 870 2253 solo
889 2183 1033 2260 adflixit.

241 2286 298 2357 Eo
312 2208 409 2385 (igno
427 2275 608 2355 manifesta
620 2279 659 2349 in
671 2279 859 2357 Othonem
871 2283 1035 2355 omnium

242 2381 402 2457 militum
426 2380 567 2469 studia,
598 2374 776 2463 desertum
805 2374 889 2480 firgd
914 2378 1036 2481 populi

242 2480 559 2571 forum,destri6to
569 2477 730 2551 adversus
742 2477 941 2555 dubitantes
954 2480 1033 2556 tela.
1133 2504 1140 2511 ’

245 2584 354 2662 Juxta
370 2580 488 2653 Curtii
506 2578 648 2663 lacum,
670 2577 902 2676 trepidatione
918 2577 1035 2653 feren-

247 2684 340 2756 tium
364 2679 479 2752 Galba
497 2680 665 2779 projestus
687 2702 708 2749 e
727 2672 834 2765 selle,
857 2704 896 2749 ac
909 2703 1039 2777 provo·⁸

249 2780 339 2861 lutus
354 2780 412 2855 est.
428 2780 635 2873 ¹Extremam
653 2784 726 2875 ejus
743 2802 889 2865 vocem,
911 2802 949 2851 ut
959 2778 1035 2851 cui-

251 2908 318 2981 que
341 2879 494 2966 odium‚
521 2902 580 2951 aut
606 2874 793 2962 admiratio
818 2873 915 2968 suit,
941 2879 1034 2954 varie

252 2979 446 3083 prodidere,
488 2976 562 3051 Alii
578 2976 615 3051 {u
640 2974 774 3077 pliciter
789 2976 1035 3081 intertogaffe,

252 3110 280 3151 cc
288 3079 374 3179 quid
386 3078 473 3152 mali
486 3005 661 3152 meruissit
671 3082 712 3150 a?
726 3108 749 3141 c
756 3104 881 3179 paucos
892 3080 965 3152 dies
977 3106 1036 3155 ex·

254 3178 446 3255 »solvendo
461 3176 655 3251 donativo»
673 3175 906 3273 deprecatum.
918 3170 1036 3253 Plures

256 3277 413 3359 obtuliffe
449 3278 542 3351 ultro
576 3270 821 3377 percussoribus
853 3276 1037 3376 jugulum,

260 3402 433 3481 «agerent
452 3406 491 3453 ac
511 3376 677 3463 ferirent,
702 3373 727 3461 sr
749 3376 798 3448 ita
819 3402 840 3449 e
861 3371 1039 3471 republica

253 3474 489 3557 »videreturis
528 3480 612 3550 Non
626 3472 784 3547 interfuit
796 3472 1037 3545 occidentium

255 3576 348 3679 quid
375 3577 512 3657 diceret·
551 3578 611 3653 De
638 3570 829 3677 pererdsore
857 3596 932 3645 non
961 3569 1039 3683 satit
