<?xml version="1.0" encoding="UTF-8"?>
<!DOCTYPE html PUBLIC "-//W3C//DTD XHTML 1.0 Transitional//EN"
    "http://www.w3.org/TR/xhtml1/DTD/xhtml1-transitional.dtd">
<html xmlns="http://www.w3.org/1999/xhtml" xml:lang="en" lang="en">
 <head>
  <title>
</title>
<meta http-equiv="Content-Type" content="text/html;charset=utf-8" />
  <meta name='ocr-system' content='tesseract 3.04.00' />
  <meta name='ocr-capabilities' content='ocr_page ocr_carea ocr_par ocr_line ocrx_word'/>
</head>
<body>
  <div class='ocr_page' id='page_1' title='image "./operasupplement02tacigoog_0226.png"; bbox 0 0 2792 4742; ppageno 0'>
   <div class='ocr_carea' id='block_1_1' title="bbox 327 626 997 705">
    <p class='ocr_par' dir='ltr' id='par_1_1' title="bbox 327 626 997 705">
     <span class='ocr_line' id='line_1_1' title="bbox 327 626 997 705; baseline 0 0"><span class='ocrx_word' id='word_1_1' title='bbox 327 626 997 705; x_wconf 64' lang='lat' dir='ltr'>222C.CORu21.11TAcrrr</span> 
     </span>
    </p>
   </div>
   <div class='ocr_carea' id='block_1_2' title="bbox 196 747 1251 3674">
    <p class='ocr_par' dir='ltr' id='par_1_2' title="bbox 196 747 1101 1062">
     <span class='ocr_line' id='line_1_2' title="bbox 196 747 1101 853; baseline 0.011 -34"><span class='ocrx_word' id='word_1_2' title='bbox 196 750 484 824; x_wconf 50' lang='lat' dir='ltr'>&amp;tudinem</span> <span class='ocrx_word' id='word_1_3' title='bbox 517 748 643 825; x_wconf 86' lang='lat' dir='ltr'><strong>lanceis</strong></span> <span class='ocrx_word' id='word_1_4' title='bbox 673 748 847 851; x_wconf 85' lang='lat' dir='ltr'>contisque</span> <span class='ocrx_word' id='word_1_5' title='bbox 879 747 1101 853; x_wconf 77' lang='lat' dir='ltr'>scrutantur3</span> 
     </span>
     <span class='ocr_line' id='line_1_3' title="bbox 200 838 1100 975; baseline 0 -50"><span class='ocrx_word' id='word_1_6' title='bbox 200 838 464 975; x_wconf 43' lang='lat' dir='ltr'>“guadonec,</span> <span class='ocrx_word' id='word_1_7' title='bbox 491 846 599 925; x_wconf 72' lang='lat' dir='ltr'>soluti</span> <span class='ocrx_word' id='word_1_8' title='bbox 624 879 790 954; x_wconf 79' lang='lat' dir='ltr'>compage</span> <span class='ocrx_word' id='word_1_9' title='bbox 816 849 1015 944; x_wconf 88' lang='lat' dir='ltr'>scutorum,</span> <span class='ocrx_word' id='word_1_10' title='bbox 1040 884 1100 929; x_wconf 83' lang='lat' dir='ltr'>ex-</span> 
     </span>
     <span class='ocr_line' id='line_1_4' title="bbox 221 934 1100 1062; baseline 0.001 -35"><span class='ocrx_word' id='word_1_11' title='bbox 221 934 295 1062; x_wconf 46' lang='grc' dir='ltr'>]ᾗέ</span> <span class='ocrx_word' id='word_1_12' title='bbox 328 952 467 1053; x_wconf 88' lang='lat' dir='ltr'>sangues</span> <span class='ocrx_word' id='word_1_13' title='bbox 479 977 537 1025; x_wconf 91' lang='lat' dir='ltr'>aut</span> <span class='ocrx_word' id='word_1_14' title='bbox 552 951 680 1027; x_wconf 86' lang='lat' dir='ltr'>laceros</span> <span class='ocrx_word' id='word_1_15' title='bbox 692 955 967 1053; x_wconf 84' lang='lat' dir='ltr'>prosternerent,</span> <span class='ocrx_word' id='word_1_16' title='bbox 991 956 1100 1030; x_wconf 69' lang='lat' dir='ltr'>multi</span> 
     </span>
    </p>

    <p class='ocr_par' dir='ltr' id='par_1_3' title="bbox 232 1056 542 1158">
     <span class='ocr_line' id='line_1_5' title="bbox 232 1056 542 1158; baseline -0.01 -30"><span class='ocrx_word' id='word_1_17' title='bbox 232 1098 280 1158; x_wconf 81' lang='lat'>69·</span> <span class='ocrx_word' id='word_1_18' title='bbox 329 1082 407 1128; x_wconf 84' lang='lat' dir='ltr'>curn</span> <span class='ocrx_word' id='word_1_19' title='bbox 419 1056 542 1153; x_wconf 88' lang='lat' dir='ltr'>strage.</span> 
     </span>
    </p>

    <p class='ocr_par' dir='ltr' id='par_1_4' title="bbox 231 1151 1251 1757">
     <span class='ocr_line' id='line_1_6' title="bbox 231 1151 1101 1242; baseline -0.002 -15"><span class='ocrx_word' id='word_1_20' title='bbox 231 1165 235 1172; x_wconf 84' lang='lat'><em>&#39;</em></span> <span class='ocrx_word' id='word_1_21' title='bbox 376 1156 549 1228; x_wconf 86' lang='lat' dir='ltr'>XXVIII.</span> <span class='ocrx_word' id='word_1_22' title='bbox 583 1151 804 1227; x_wconf 77' lang='lat' dir='ltr'>Iucrssnnnr</span> <span class='ocrx_word' id='word_1_23' title='bbox 835 1154 1033 1242; x_wconf 67' lang='lat' dir='ltr'>cunetatio,</span> <span class='ocrx_word' id='word_1_24' title='bbox 1065 1154 1101 1225; x_wconf 90' lang='lat' dir='ltr'>ni</span> 
     </span>
     <span class='ocr_line' id='line_1_7' title="bbox 327 1251 1102 1343; baseline -0.003 -17"><span class='ocrx_word' id='word_1_25' title='bbox 327 1253 430 1327; x_wconf 91' lang='lat' dir='ltr'>duces</span> <span class='ocrx_word' id='word_1_26' title='bbox 444 1251 527 1328; x_wconf 81' lang='lat' dir='ltr'>fesso</span> <span class='ocrx_word' id='word_1_27' title='bbox 542 1254 669 1343; x_wconf 87' lang='lat' dir='ltr'>militi,</span> <span class='ocrx_word' id='word_1_28' title='bbox 690 1264 726 1329; x_wconf 71' lang='grc' dir='ltr'>δι</span> <span class='ocrx_word' id='word_1_29' title='bbox 741 1252 835 1326; x_wconf 88' lang='lat' dir='ltr'>velut</span> <span class='ocrx_word' id='word_1_30' title='bbox 849 1252 967 1328; x_wconf 89' lang='lat' dir='ltr'>inritas</span> <span class='ocrx_word' id='word_1_31' title='bbox 981 1254 1102 1328; x_wconf 85' lang='lat' dir='ltr'>exhor-</span> 
     </span>
     <span class='ocr_line' id='line_1_8' title="bbox 327 1352 1103 1443; baseline -0.004 -15"><span class='ocrx_word' id='word_1_32' title='bbox 327 1356 474 1429; x_wconf 86' lang='lat' dir='ltr'>tationes</span> <span class='ocrx_word' id='word_1_33' title='bbox 487 1356 676 1443; x_wconf 85' lang='lat' dir='ltr'>abnuenti,</span> <span class='ocrx_word' id='word_1_34' title='bbox 698 1358 914 1428; x_wconf 81' lang='lat' dir='ltr'>Cremonam</span> <span class='ocrx_word' id='word_1_35' title='bbox 928 1352 1103 1427; x_wconf 88' lang='lat' dir='ltr'>monstras-</span> 
     </span>
     <span class='ocr_line' id='line_1_9' title="bbox 326 1450 1251 1558; baseline -0.001 -28"><span class='ocrx_word' id='word_1_36' title='bbox 326 1453 413 1531; x_wconf 83' lang='lat' dir='ltr'>sent.</span> <span class='ocrx_word' id='word_1_37' title='bbox 439 1458 608 1529; x_wconf 90' lang='lat' dir='ltr'>Hormine</span> <span class='ocrx_word' id='word_1_38' title='bbox 621 1456 659 1529; x_wconf 93' lang='lat' dir='ltr'>id</span> <span class='ocrx_word' id='word_1_39' title='bbox 671 1456 872 1558; x_wconf 88' lang='lat' dir='ltr'>ingenium,</span> <span class='ocrx_word' id='word_1_40' title='bbox 897 1482 935 1529; x_wconf 91' lang='lat' dir='ltr'>ur</span> <span class='ocrx_word' id='word_1_41' title='bbox 956 1454 1103 1539; x_wconf 83' lang='lat' dir='ltr'>Messala</span> <span class='ocrx_word' id='word_1_42' title='bbox 1250 1450 1251 1459; x_wconf 9' lang='grc' dir='ltr'>ἵ</span> 
     </span>
     <span class='ocr_line' id='line_1_10' title="bbox 327 1550 1192 1659; baseline -0.001 -30"><span class='ocrx_word' id='word_1_43' title='bbox 327 1553 457 1646; x_wconf 74' lang='lat' dir='ltr'>tradit,</span> <span class='ocrx_word' id='word_1_44' title='bbox 477 1586 521 1630; x_wconf 89' lang='lat' dir='ltr'>an</span> <span class='ocrx_word' id='word_1_45' title='bbox 545 1558 658 1659; x_wconf 86' lang='lat' dir='ltr'>potior</span> <span class='ocrx_word' id='word_1_46' title='bbox 682 1562 798 1631; x_wconf 66' lang='lat' dir='ltr'>audior</span> <span class='ocrx_word' id='word_1_47' title='bbox 820 1552 861 1627; x_wconf 80' lang='lat' dir='ltr'>sit</span> <span class='ocrx_word' id='word_1_48' title='bbox 887 1558 930 1631; x_wconf 90' lang='lat' dir='ltr'>C.</span> <span class='ocrx_word' id='word_1_49' title='bbox 950 1556 1103 1646; x_wconf 86' lang='lat' dir='ltr'>Plinius,</span> <span class='ocrx_word' id='word_1_50' title='bbox 1189 1550 1192 1554; x_wconf 40' lang='lat'>¹</span> 
     </span>
     <span class='ocr_line' id='line_1_11' title="bbox 327 1654 1101 1757; baseline 0 -27"><span class='ocrx_word' id='word_1_51' title='bbox 327 1658 389 1757; x_wconf 88' lang='lat' dir='ltr'>qui</span> <span class='ocrx_word' id='word_1_52' title='bbox 398 1657 592 1734; x_wconf 85' lang='lat' dir='ltr'>Antonium</span> <span class='ocrx_word' id='word_1_53' title='bbox 604 1656 753 1748; x_wconf 58' lang='lat' dir='ltr'>incusat,</span> <span class='ocrx_word' id='word_1_54' title='bbox 768 1656 861 1729; x_wconf 87' lang='lat' dir='ltr'>haud</span> <span class='ocrx_word' id='word_1_55' title='bbox 871 1654 971 1733; x_wconf 71' lang='lat' dir='ltr'>facile</span> <span class='ocrx_word' id='word_1_56' title='bbox 981 1654 1101 1730; x_wconf 89' lang='lat' dir='ltr'>discre-</span> 
     </span>
    </p>

    <p class='ocr_par' dir='ltr' id='par_1_5' title="bbox 220 1755 1103 1959">
     <span class='ocr_line' id='line_1_12' title="bbox 220 1755 1103 1858; baseline -0.001 -28"><span class='ocrx_word' id='word_1_57' title='bbox 220 1790 223 1796; x_wconf 87' lang='lat'><em>·</em></span> <span class='ocrx_word' id='word_1_58' title='bbox 326 1760 459 1832; x_wconf 73' lang='lat' dir='ltr'>verim:</span> <span class='ocrx_word' id='word_1_59' title='bbox 476 1755 645 1858; x_wconf 41' lang='lat' dir='ltr'>nisr‘qubd</span> <span class='ocrx_word' id='word_1_60' title='bbox 657 1786 770 1858; x_wconf 90' lang='lat' dir='ltr'>neque</span> <span class='ocrx_word' id='word_1_61' title='bbox 782 1758 955 1833; x_wconf 87' lang='lat' dir='ltr'>Antonius</span> <span class='ocrx_word' id='word_1_62' title='bbox 971 1784 1103 1857; x_wconf 81' lang='lat' dir='ltr'>,neque</span> 
     </span>
     <span class='ocr_line' id='line_1_13' title="bbox 328 1857 1102 1959; baseline -0.004 -27"><span class='ocrx_word' id='word_1_63' title='bbox 328 1861 502 1949; x_wconf 86' lang='lat' dir='ltr'>Hormus,</span> <span class='ocrx_word' id='word_1_64' title='bbox 525 1890 546 1933; x_wconf 88' lang='lat' dir='ltr'>a</span> <span class='ocrx_word' id='word_1_65' title='bbox 566 1857 659 1933; x_wconf 71' lang='lat' dir='ltr'>sarni</span> <span class='ocrx_word' id='word_1_66' title='bbox 682 1859 820 1959; x_wconf 74' lang='lat' dir='ltr'>virique</span> <span class='ocrx_word' id='word_1_67' title='bbox 840 1858 922 1951; x_wconf 70' lang='lat' dir='ltr'>sul,</span> <span class='ocrx_word' id='word_1_68' title='bbox 947 1858 1102 1958; x_wconf 86' lang='lat' dir='ltr'>quamvis</span> 
     </span>
    </p>

    <p class='ocr_par' dir='ltr' id='par_1_6' title="bbox 243 1960 1108 2459">
     <span class='ocr_line' id='line_1_14' title="bbox 243 1960 1102 2062; baseline -0.007 -25"><span class='ocrx_word' id='word_1_69' title='bbox 243 2034 248 2037; x_wconf 80' lang='grc'>,</span> <span class='ocrx_word' id='word_1_70' title='bbox 329 1960 470 2059; x_wconf 85' lang='lat' dir='ltr'>peffirno</span> <span class='ocrx_word' id='word_1_71' title='bbox 485 1961 638 2061; x_wconf 85' lang='lat' dir='ltr'>flagitio,</span> <span class='ocrx_word' id='word_1_72' title='bbox 654 1960 917 2062; x_wconf 80' lang='lat' dir='ltr'>degeneravere.</span> <span class='ocrx_word' id='word_1_73' title='bbox 939 1962 1020 2035; x_wconf 95' lang='lat' dir='ltr'>Non</span> <span class='ocrx_word' id='word_1_74' title='bbox 1031 1967 1102 2058; x_wconf 79' lang='lat' dir='ltr'>jain</span> 
     </span>
     <span class='ocr_line' id='line_1_15' title="bbox 328 2058 1105 2160; baseline -0.005 -27"><span class='ocrx_word' id='word_1_75' title='bbox 328 2058 497 2160; x_wconf 83' lang='lat' dir='ltr'>sanguis,</span> <span class='ocrx_word' id='word_1_76' title='bbox 534 2087 649 2159; x_wconf 86' lang='lat' dir='ltr'>neque</span> <span class='ocrx_word' id='word_1_77' title='bbox 682 2060 824 2134; x_wconf 83' lang='lat' dir='ltr'>vulnera</span> <span class='ocrx_word' id='word_1_78' title='bbox 854 2060 1105 2147; x_wconf 83' lang='lat' dir='ltr'>morabantur,</span> 
     </span>
     <span class='ocr_line' id='line_1_16' title="bbox 329 2158 1104 2261; baseline 0 -30"><span class='ocrx_word' id='word_1_79' title='bbox 329 2160 415 2260; x_wconf 91' lang='lat' dir='ltr'>quin</span> <span class='ocrx_word' id='word_1_80' title='bbox 446 2158 644 2235; x_wconf 84' lang='lat' dir='ltr'>subruerent</span> <span class='ocrx_word' id='word_1_81' title='bbox 671 2160 828 2251; x_wconf 84' lang='lat' dir='ltr'>vallum,</span> <span class='ocrx_word' id='word_1_82' title='bbox 856 2183 1104 2261; x_wconf 83' lang='lat' dir='ltr'>quaterentque</span> 
     </span>
     <span class='ocr_line' id='line_1_17' title="bbox 329 2260 1106 2363; baseline -0.003 -30"><span class='ocrx_word' id='word_1_83' title='bbox 329 2286 461 2363; x_wconf 87' lang='lat' dir='ltr'>portas,</span> <span class='ocrx_word' id='word_1_84' title='bbox 478 2262 588 2334; x_wconf 77' lang='lat' dir='ltr'>innixi</span> <span class='ocrx_word' id='word_1_85' title='bbox 599 2264 750 2335; x_wconf 90' lang='lat' dir='ltr'>humeris</span> <span class='ocrx_word' id='word_1_86' title='bbox 762 2320 774 2349; x_wconf 92' lang='lat'>,</span> <span class='ocrx_word' id='word_1_87' title='bbox 788 2272 823 2335; x_wconf 74' lang='grc' dir='ltr'>δι</span> <span class='ocrx_word' id='word_1_88' title='bbox 837 2260 934 2360; x_wconf 88' lang='lat' dir='ltr'>super</span> <span class='ocrx_word' id='word_1_89' title='bbox 946 2260 1106 2331; x_wconf 85' lang='lat' dir='ltr'>iteratam</span> 
     </span>
     <span class='ocr_line' id='line_1_18' title="bbox 329 2356 1108 2459; baseline -0.006 -26"><span class='ocrx_word' id='word_1_90' title='bbox 329 2360 536 2444; x_wconf 80' lang='lat' dir='ltr'>testudinem</span> <span class='ocrx_word' id='word_1_91' title='bbox 557 2360 778 2447; x_wconf 86' lang='lat' dir='ltr'>scandentes,</span> <span class='ocrx_word' id='word_1_92' title='bbox 803 2357 999 2459; x_wconf 84' lang='lat' dir='ltr'>prensarent</span> <span class='ocrx_word' id='word_1_93' title='bbox 1026 2356 1108 2429; x_wconf 90' lang='lat' dir='ltr'>hos·</span> 
     </span>
    </p>

    <p class='ocr_par' dir='ltr' id='par_1_7' title="bbox 312 2456 1105 2652">
     <span class='ocr_line' id='line_1_19' title="bbox 312 2456 1105 2561; baseline 0 -28"><span class='ocrx_word' id='word_1_94' title='bbox 312 2503 316 2510; x_wconf 40' lang='grc' dir='ltr'><em>ι</em></span> <span class='ocrx_word' id='word_1_95' title='bbox 331 2460 420 2533; x_wconf 84' lang='lat' dir='ltr'>rium</span> <span class='ocrx_word' id='word_1_96' title='bbox 432 2458 499 2532; x_wconf 89' lang='lat' dir='ltr'>tela</span> <span class='ocrx_word' id='word_1_97' title='bbox 510 2458 734 2559; x_wconf 80' lang='lat' dir='ltr'>brachiaque:</span> <span class='ocrx_word' id='word_1_98' title='bbox 749 2459 874 2561; x_wconf 85' lang='lat' dir='ltr'>integri</span> <span class='ocrx_word' id='word_1_99' title='bbox 884 2487 963 2533; x_wconf 86' lang='lat' dir='ltr'>curn</span> <span class='ocrx_word' id='word_1_100' title='bbox 972 2456 1105 2549; x_wconf 83' lang='lat' dir='ltr'>sauciis,</span> 
     </span>
     <span class='ocr_line' id='line_1_20' title="bbox 328 2557 1105 2652; baseline -0.003 -14"><span class='ocrx_word' id='word_1_101' title='bbox 328 2557 516 2639; x_wconf 85' lang='lat' dir='ltr'>semineces</span> <span class='ocrx_word' id='word_1_102' title='bbox 532 2590 612 2637; x_wconf 91' lang='lat' dir='ltr'>cum</span> <span class='ocrx_word' id='word_1_103' title='bbox 632 2560 693 2636; x_wconf 80' lang='lat' dir='ltr'>ers</span> <span class='ocrx_word' id='word_1_104' title='bbox 712 2561 875 2637; x_wconf 87' lang='lat' dir='ltr'>irantibus</span> <span class='ocrx_word' id='word_1_105' title='bbox 895 2561 1105 2652; x_wconf 86' lang='lat' dir='ltr'>volvuntur,</span> 
     </span>
    </p>

    <p class='ocr_par' dir='ltr' id='par_1_8' title="bbox 281 2590 1107 2866">
     <span class='ocr_line' id='line_1_21' title="bbox 281 2590 1107 2762; baseline -0.002 -23"><span class='ocrx_word' id='word_1_106' title='bbox 281 2654 296 2672; x_wconf 42' lang='grc'><strong><em>“</em></strong></span> <span class='ocrx_word' id='word_1_107' title='bbox 330 2663 422 2739; x_wconf 70' lang='lat' dir='ltr'>varii</span> <span class='ocrx_word' id='word_1_108' title='bbox 439 2665 656 2762; x_wconf 89' lang='lat' dir='ltr'>pereuntium</span> <span class='ocrx_word' id='word_1_109' title='bbox 680 2590 817 2752; x_wconf 60' lang='lat' dir='ltr'>sormi,</span> <span class='ocrx_word' id='word_1_110' title='bbox 844 2675 879 2739; x_wconf 73' lang='grc' dir='ltr'>δι</span> <span class='ocrx_word' id='word_1_111' title='bbox 900 2664 997 2736; x_wconf 92' lang='lat' dir='ltr'>omni</span> <span class='ocrx_word' id='word_1_112' title='bbox 1017 2664 1107 2737; x_wconf 83' lang='lat' dir='ltr'>ima·</span> 
     </span>
     <span class='ocr_line' id='line_1_22' title="bbox 327 2788 605 2866; baseline 0 -31"><span class='ocrx_word' id='word_1_113' title='bbox 327 2791 409 2866; x_wconf 76' lang='lat' dir='ltr'>gine</span> <span class='ocrx_word' id='word_1_114' title='bbox 428 2788 605 2836; x_wconf 83' lang='lat' dir='ltr'>mortium.</span> 
     </span>
    </p>

    <p class='ocr_par' dir='ltr' id='par_1_9' title="bbox 329 2857 1166 3241">
     <span class='ocr_line' id='line_1_23' title="bbox 379 2857 1166 2962; baseline -0.006 -24"><span class='ocrx_word' id='word_1_115' title='bbox 379 2864 515 2938; x_wconf 92' lang='lat' dir='ltr'>XXIX.</span> <span class='ocrx_word' id='word_1_116' title='bbox 529 2862 791 2951; x_wconf 66' lang='lat' dir='ltr'>Aerariorum,</span> <span class='ocrx_word' id='word_1_117' title='bbox 815 2860 921 2937; x_wconf 80' lang='lat' dir='ltr'>tertiae</span> <span class='ocrx_word' id='word_1_118' title='bbox 936 2857 1109 2962; x_wconf 66' lang='lat' dir='ltr'>septimas</span> <span class='ocrx_word' id='word_1_119' title='bbox 1162 2941 1166 2947; x_wconf 24' lang='lat'>¹</span> 
     </span>
     <span class='ocr_line' id='line_1_24' title="bbox 329 2958 1107 3065; baseline -0.006 -27"><span class='ocrx_word' id='word_1_120' title='bbox 329 2992 398 3063; x_wconf 92' lang='lat' dir='ltr'>que</span> <span class='ocrx_word' id='word_1_121' title='bbox 418 2962 618 3065; x_wconf 91' lang='lat' dir='ltr'>legionum,</span> <span class='ocrx_word' id='word_1_122' title='bbox 640 2988 837 3037; x_wconf 87' lang='lat' dir='ltr'>certarnen:</span> <span class='ocrx_word' id='word_1_123' title='bbox 861 2974 896 3039; x_wconf 90' lang='lat'>&amp;</span> <span class='ocrx_word' id='word_1_124' title='bbox 910 2961 978 3035; x_wconf 84' lang='lat' dir='ltr'>dux</span> <span class='ocrx_word' id='word_1_125' title='bbox 991 2958 1107 3035; x_wconf 72' lang='lat' dir='ltr'>Anto-</span> 
     </span>
     <span class='ocr_line' id='line_1_25' title="bbox 331 3061 1105 3153; baseline -0.006 -14"><span class='ocrx_word' id='word_1_126' title='bbox 331 3066 432 3153; x_wconf 90' lang='lat' dir='ltr'>nius,</span> <span class='ocrx_word' id='word_1_127' title='bbox 454 3093 533 3139; x_wconf 89' lang='lat' dir='ltr'>curn</span> <span class='ocrx_word' id='word_1_128' title='bbox 554 3065 694 3142; x_wconf 68' lang='lat' dir='ltr'>delectis</span> <span class='ocrx_word' id='word_1_129' title='bbox 717 3066 956 3153; x_wconf 84' lang='lat' dir='ltr'>auxiliaribus,</span> <span class='ocrx_word' id='word_1_130' title='bbox 980 3061 1105 3135; x_wconf 81' lang='lat' dir='ltr'>ebdem</span> 
     </span>
     <span class='ocr_line' id='line_1_26' title="bbox 329 3161 1107 3241; baseline -0.008 0"><span class='ocrx_word' id='word_1_131' title='bbox 329 3163 540 3241; x_wconf 86' lang='lat' dir='ltr'>incubuerat.</span> <span class='ocrx_word' id='word_1_132' title='bbox 561 3167 759 3241; x_wconf 86' lang='lat' dir='ltr'>Obstinatos</span> <span class='ocrx_word' id='word_1_133' title='bbox 773 3168 862 3241; x_wconf 86' lang='lat' dir='ltr'>inter</span> <span class='ocrx_word' id='word_1_134' title='bbox 875 3164 908 3241; x_wconf 90' lang='lat' dir='ltr'>se</span> <span class='ocrx_word' id='word_1_135' title='bbox 922 3163 999 3236; x_wconf 81' lang='lat' dir='ltr'>cinn</span> <span class='ocrx_word' id='word_1_136' title='bbox 1013 3161 1107 3235; x_wconf 85' lang='lat' dir='ltr'>susti-</span> 
     </span>
    </p>

    <p class='ocr_par' dir='ltr' id='par_1_10' title="bbox 219 3264 1106 3674">
     <span class='ocr_line' id='line_1_27' title="bbox 219 3264 1105 3367; baseline -0.011 -20"><span class='ocrx_word' id='word_1_137' title='bbox 219 3345 221 3347; x_wconf 75' lang='lat'><em>.</em></span> <span class='ocrx_word' id='word_1_138' title='bbox 328 3294 412 3343; x_wconf 89' lang='lat' dir='ltr'>nere</span> <span class='ocrx_word' id='word_1_139' title='bbox 428 3268 610 3343; x_wconf 88' lang='lat' dir='ltr'>Vitelliani</span> <span class='ocrx_word' id='word_1_140' title='bbox 630 3267 839 3367; x_wconf 77' lang='lat' dir='ltr'>nequirent,</span> <span class='ocrx_word' id='word_1_141' title='bbox 864 3277 899 3339; x_wconf 59' lang='grc' dir='ltr'>ὃ(</span> <span class='ocrx_word' id='word_1_142' title='bbox 922 3264 1105 3361; x_wconf 72' lang='lat' dir='ltr'>superjedla</span> 
     </span>
     <span class='ocr_line' id='line_1_28' title="bbox 329 3362 1105 3467; baseline -0.012 -23"><span class='ocrx_word' id='word_1_143' title='bbox 329 3367 399 3444; x_wconf 89' lang='lat' dir='ltr'>tela</span> <span class='ocrx_word' id='word_1_144' title='bbox 409 3370 575 3444; x_wconf 89' lang='lat' dir='ltr'>testudine</span> <span class='ocrx_word' id='word_1_145' title='bbox 589 3368 801 3455; x_wconf 88' lang='lat' dir='ltr'>laberentur,</span> <span class='ocrx_word' id='word_1_146' title='bbox 816 3362 921 3466; x_wconf 87' lang='lat' dir='ltr'>ipsam</span> <span class='ocrx_word' id='word_1_147' title='bbox 933 3365 1105 3467; x_wconf 84' lang='lat' dir='ltr'>postremb</span> 
     </span>
     <span class='ocr_line' id='line_1_29' title="bbox 330 3464 1106 3569; baseline 0 -28"><span class='ocrx_word' id='word_1_148' title='bbox 330 3469 484 3543; x_wconf 88' lang='lat' dir='ltr'>balistam</span> <span class='ocrx_word' id='word_1_149' title='bbox 502 3472 538 3543; x_wconf 88' lang='lat' dir='ltr'>in</span> <span class='ocrx_word' id='word_1_150' title='bbox 552 3468 731 3543; x_wconf 88' lang='lat' dir='ltr'>subeuntes</span> <span class='ocrx_word' id='word_1_151' title='bbox 751 3464 951 3569; x_wconf 87' lang='lat' dir='ltr'>propulere:</span> <span class='ocrx_word' id='word_1_152' title='bbox 973 3492 1045 3564; x_wconf 85' lang='lat' dir='ltr'>quae</span> <span class='ocrx_word' id='word_1_153' title='bbox 1066 3486 1106 3541; x_wconf 81' lang='lat' dir='ltr'>ur</span> 
     </span>
     <span class='ocr_line' id='line_1_30' title="bbox 331 3563 1104 3674; baseline -0.006 -34"><span class='ocrx_word' id='word_1_154' title='bbox 331 3570 534 3672; x_wconf 75' lang='lat' dir='ltr'>adpraesens</span> <span class='ocrx_word' id='word_1_155' title='bbox 555 3572 688 3674; x_wconf 86' lang='lat' dir='ltr'>disjecit</span> <span class='ocrx_word' id='word_1_156' title='bbox 714 3568 920 3671; x_wconf 87' lang='lat' dir='ltr'>obruitque,</span> <span class='ocrx_word' id='word_1_157' title='bbox 944 3594 1028 3668; x_wconf 87' lang='lat' dir='ltr'>quos</span> <span class='ocrx_word' id='word_1_158' title='bbox 1047 3563 1104 3640; x_wconf 52' lang='lat' dir='ltr'>iu,</span> 
     </span>
    </p>
   </div>
   <div class='ocr_carea' id='block_1_3' title="bbox 0 0 1403 4742">
    <p class='ocr_par' dir='ltr' id='par_1_11' title="bbox 0 0 1403 4742">
     <span class='ocr_line' id='line_1_31' title="bbox 0 0 1403 4742; baseline 0 0"><span class='ocrx_word' id='word_1_159' title='bbox 0 0 1403 4742; x_wconf 95' lang='lat' dir='ltr'> </span> 
     </span>
    </p>
   </div>
  </div>
 </body>
</html>
