2792 4742
316 699 384 774 180
424 675 1041 769 CiCouururrTncrrr'„
1140 742 1141 746 =
1251 698 1252 707 ’

182 846 301 891 με
313 812 496 901 Sabinum,
520 839 540 883 a
554 806 748 911 praefesturi
761 811 931 901 cohortis,
950 806 971 891 J
973 798 1086 888 ulium¹

182 911 217 964 Α·
226 913 257 961 ⁰·
268 912 301 964 ⁰·
313 910 462 989 Priscum
484 968 494 1001 ,
527 936 611 984 tum
628 913 865 985 centurionem
889 942 897 985 ε
929 913 1081 1005 Priscus,

210 998 277 1050 ⁸²²·
314 1012 492 1108 Valentis3
512 1011 677 1100 Sabinus,
700 1012 842 1085 Caecinae
857 1012 963 1127 gratid

201 1084 282 1228 ³4⁹9?
296 1146 300 1151 ’
313 1114 407 1188 bant.
430 1115 524 1187 Inter
536 1109 730 1201 discordes,
749 1111 893 1188 Vitellio
907 1012 1083 1191 andilli:

310 1213 604 1290 totitatiszrnunia
612 1212 749 1311 imperii
758 1214 895 1286 Caecina
904 1242 942 1287 ac
950 1212 1082 1291 Valens

308 1314 477 1411 obibant3
503 1313 590 1387 olim
614 1313 704 1385 anxii
730 1311 844 1403 odiis,
866 1342 963 1414 quae,
987 1314 1089 1389 bello'

310 1415 467 1491 &castris
483 1413 572 1488 male
586 1412 811 1503 dissimulata,
837 1417 980 1517 pravitas
995 1416 1083 1497 amie

246 1534 249 1538 ’
310 1540 456 1605 corum,
477 1524 514 1591 δι
532 1513 679 1590 fecunda
695 1515 876 1616 gignendis
891 1516 1080 1591 inimicitiis

249 1660 257 1665 -
311 1618 429 1707 civitas
442 1635 601 1707 auxerat,
622 1614 708 1689 dum
724 1616 880 1708 ambitu,
893 1618 1080 1707 comitatu,

276 1742 278 1746 ·
310 1728 349 1794 &
368 1716 542 1809 immensis
557 1717 778 1792 salutantium
790 1719 982 1821 agminibus
999 1746 1081 1797 con-

306 1819 477 1910 tendunt,
491 1842 816 1923 comparanturque3
829 1821 929 1894 variis
944 1823 982 1894 in
989 1819 1080 1895 hunc

258 1944 260 1948 ·
306 1944 368 1994 aut
394 1920 493 1993 illum
517 1920 652 1996 Vitellii
681 1920 968 1997 inclinationibus.
1007 1922 1082 1995 Nec
1155 2000 1164 2017 .

306 2046 474 2117 umquam
494 2016 570 2091 satis
593 2020 663 2091 fida
681 2024 857 2120 potentia,
888 2021 952 2116 ubi
973 2020 1082 2097 nimia

306 2120 365 2193 est.
378 2116 485 2191 Simul
495 2116 603 2219 ipsum
613 2118 810 2206 Vitellium,
820 2120 937 2196 subitis
948 2118 1083 2197 offenfir

306 2244 367 2294 aut
390 2220 499 2294 intem
524 2218 633 2294 estivis
656 2215 831 2291 blanditiis
850 2220 1084 2311 mutabilem,

306 2247 578 2392 contemnebant
605 2318 885 2417 metuebantque.
933 2319 1007 2393 Nec
1038 2323 1083 2395 eb

304 2416 440 2520 segnius
456 2416 646 2491 invaserant
665 2415 809 2507 domos,
827 2416 965 2507 hortos,
986 2419 1081 2521 opes-

306 2545 375 2619 que
389 2517 550 2620 imperii:
573 2515 653 2590 crim
672 2514 796 2591 flebilis
809 2527 877 2593 &e
902 2544 962 2593 ens
982 2520 1081 2596 nobi-

306 2619 394 2694 lium
409 2618 532 2705 turba,
554 2646 640 2716 quos
655 2616 742 2717 ipsos
763 2546 954 2718 liberodlue
967 2622 1082 2721 patriae

306 2719 419 2792 Galba
431 2716 650 2803 reddiderat,
668 2715 762 2791 nulli
774 2716 937 2819 Principis
951 2719 1080 2797 miseri.

304 2816 427 2891 cordis
451 2825 654 2917 juvarentur.
701 2819 847 2890 Gratum
873 2820 1080 2919 primoribus

301 2916 474 3007 civitatis,
494 2916 598 2991 etiarn
611 2914 728 3018 plebes
743 2916 965 3021 adprobavit,
985 2926 1080 3023 qubd

300 3018 444 3093 -reversrs
460 3017 503 3091 ab
517 3015 634 3092 exsilio
644 3027 717 3117 jura
729 3015 937 3095 libertorum
945 3024 1081 3108 conces-¹

304 3117 393 3194 sisset
406 3149 416 3192 t
439 3146 649 3218 quamquam
661 3118 700 3192 id
714 3122 812 3193 omni
825 3122 932 3197 modo
945 3120 1078 3202 servilia

207 3265 211 3271 ,
304 3220 446 3322 ingenia
465 3220 751 3320 corrumpebant,
779 3222 902 3297 a'bditis
925 3227 1078 3323 pecuniis

306 3348 368 3422 per
390 3319 569 3408 occultos,
599 3345 657 3393 aut
683 3319 879 3395 ambitiosos
904 3321 990 3397 finus
1001 3328 1015 3396 'r
1039 3336 1077 3402 &
1172 3362 1183 3387 ·‚

300 3421 449 3519 quidam
471 3421 508 3494 in
533 3419 678 3493 domum
701 3416 837 3493 Caesaris
862 3422 1075 3526 transgressi,

306 3546 408 3621 atque
426 3521 502 3619 ipsis
518 3518 900 3622 dominicpotentiores.

295 3672 300 3685 .
357 3620 490 3699 xelu.
509 3623 588 3699 Sao
603 3621 727 3717 miles,
747 3619 856 3725 plenis
879 3623 1011 3749 castris,
1033 3626 1072 3728 ὃς
