2792 4742
399 558 735 629 lrrsroarnnurr
761 550 855 627 Lrn.
880 552 925 625 11.
989 573 1060 651 153·

286 670 501 765 bominum,
533 675 705 777 proximos
733 672 925 746 AEduorum
954 698 1057 777 pagos
1071 704 1188 752 Ξ

287 775 466 872 trahebat,
489 774 571 850 curn
585 773 773 877 graviffima
788 773 903 847 civitas
917 829 929 862 ,
951 770 1058 849 electa
1072 770 1146 822 ¹⁴³³·
1156 774 1190 837 ‘³2'
1210 786 1212 790 ’

285 885 463 977 juventute
474 934 485 966 ,
498 876 637 976 adjeslis
651 904 671 949 a
684 872 829 951 Vitellio
842 874 1057 969 cohortibus,
1100 858 1167 913 ⁸²²⁸

285 974 470 1051 fanaticam
483 976 743 1058 multitudinem
758 973 901 1074 disjecit.
926 977 1057 1077 Captus
1104 984 1139 1097 ⁶⁶9
1151 982 1166 1063 ,Ϊ

287 1078 324 1149 in
337 1104 379 1151 eo
392 1075 511 1177 proelio
523 1079 693 1151 Mariccus
707 1132 719 1165 ,
743 1103 781 1147 ac
794 1103 876 1149 mox
891 1074 972 1151 feris
991 1079 1057 1151 ob·
1133 1066 1155 1103 ³
1264 1070 1265 1121 1

285 1181 421 1277 jedlus,
452 1179 531 1275 quia
557 1206 629 1250 non
656 1175 871 1268 laniabatur,
897 1176 1059 1255 stolidum

287 1275 406 1375 vulgus
434 1276 670 1352 inviolabilem
698 1275 891 1365 credebat,
922 1276 1033 1355 donec
1045 1310 1062 1375 ,·

286 1377 455 1479 spedante
475 1377 646 1467 Vitellio,
666 1374 864 1452 interfedlus
889 1378 945 1451 est.
1065 1438 1068 1445 ,

289 1520 294 1528 ·
337 1480 447 1550 LXII.
474 1480 564 1551 Nrc
586 1478 675 1553 ultrl
700 1478 738 1552 in
765 1475 979 1568 defectores,
1001 1504 1060 1555 aut

288 1576 378 1650 bona
398 1577 621 1680 cujusquam,
649 1577 811 1654 saevitum.
841 1576 935 1660 'Rata
962 1577 1060 1657 fuere

287 1702 434 1767 eorum,
457 1682 518 1777 qui
533 1682 608 1753 acie
620 1680 823 1754 Othoniand
844 1681 1061 1771 ceciderant,

288 1780 489 1853 testamenta
500 1816 524 1869 ,·
536 1803 594 1851 aut
619 1778 673 1849 lex
697 1780 881 1851 intestatis.¹
899 1778 1061 1870 Prorsus,

287 1876 313 1951 s1
346 1878 484 1951 luxuriae
515 1897 754 1979 temperaret,
788 1876 964 1950 avaritiam
991 1904 1063 1951 non

287 1978 441 2050 timeres.
467 1976 649 2079 Epulatum
670 1972 764 2049 soeda
789 1987 826 2051 δι
848 1974 1062 2077 inexplebilis
1111 2072 1114 2076 .

288 2076 421 2150 libido:
437 2103 476 2149 ex
490 2077 587 2153 Urbe
598 2075 831 2178 atquesltalid,
842 2078 1061 2153 inritamenta

289 2176 375 2279 gula
388 2177 619 2279 gestabantur,
631 2180 693 2251 stre
719 2178 852 2252 entibus
864 2178 906 2250 ab
915 2203 1061 2279 utroque

289 2278 378 2351 mari
405 2278 616 2353 itineribus:
651 2206 797 2357 exliausti
825 2278 1063 2353 conviviorum

288 2378 499 2481 apparatibus
520 2380 687 2482 principes
713 2380 889 2453 civitatum
911 2408 920 2451 ε
954 2379 1072 2452 vasta-'

288 2479 413 2555 bantur
421 2477 1061 2577 ipsaecivitates:degenerabatalabore

288 2609 331 2655 ac
342 2580 468 2652 virtute
482 2579 591 2665 miles,
601 2576 822 2649 adsuetudine
836 2576 1063 2673 voluptatum,

288 2692 328 2755 δι
345 2702 545 2776 contemptu
557 2676 661 2750 ducis.
698 2672 859 2748 Praemisit
876 2673 912 2745 in
926 2672 1077 2750 Urbem*

196 2826 200 2834 ·
289 2779 443 2854 edistum
458 2805 563 2877 ,quo
576 2774 780 2851 vocabulum
794 2776 932 2877 Augusti
946 2772 1061 2851 differ-

292 2904 369 2967 tet,
397 2876 527 2971 Cafirrr's
545 2881 615 2951 non
632 2879 820 2978 reciperet,
842 2874 921 2951 clim
939 2878 984 2951 de
998 2874 1062 2978 po-
1118 2884 1121 2889 ’

293 2981 408 3054 testate
429 2978 516 3051 nihil
536 2978 738 3051 detraheret.
766 2976 853 3048 Pulli
871 2975 967 3049 ltalia
986 3004 1063 3049 ma-

293 3080 480 3153 thematici.
513 3080 665 3151 Cautum
686 3074 819 3163 severe,
839 3086 911 3148 ane
931 3078 1063 3175 equites
1149 3124 1151 3133 ·

292 3180 471 3253 »Romani
501 3176 584 3250 ludo
610 3186 646 3249 &
664 3172 765 3247 arend
788 3172 1062 3275 polluerentura.
1143 3161 1153 3211 ¹

293 3280 426 3356 Priores
446 3278 485 3351 id
506 3277 675 3379 Principes
697 3272 862 3377 pecunis,
889 3283 925 3348 &
950 3271 1064 3373 sapius

293 3383 356 3469 vi,
371 3378 607 3481 perpulerant:
627 3405 666 3453 ac
682 3376 842 3479 pleraque
855 3372 1063 3469 municipia,

291 3491 332 3563 ὅ(
349 3480 508 3583 colonia,
526 3478 769 3565 aemulabantur
782 3469 1066 3647 cortgptiffimum
1100 3521 1109 3562 χ

466 3605 471 3613 ’
920 3596 942 3651 V.
