2792 4742
332 700 400 773 372
446 673 1002 764 C.Connrr11TAcrrr

197 838 315 886 32-
328 796 527 886 affirmavit,
553 793 632 869 citm
654 793 865 868 Alexandria
879 795 994 869 recens
1012 813 1104 871 con⁴

198 910 230 962 A·
241 911 273 957 U·
284 907 317 957 C·
331 899 434 973 »ditae
451 899 606 984 moenia,
630 895 849 998 templaque,
864 907 900 970 ὃ(
918 897 1102 995 religiones

222 997 287 1062 823.

226 1089 249 1138 J.
269 1085 302 1135 C.

238 1177 288 1232 70.
380 1203 386 1216 .

332 999 523 1087 »adderem
547 997 701 1070 oblatum
723 1023 782 1098 pet
805 997 960 1094 quietem
974 999 1099 1070 decore

331 1101 510 1187 nennio,
534 1106 720 1198 &majore
734 1097 840 1197 quim
862 1099 1010 1171 humani
1028 1097 1101 1200 spe-

332 1229 410 1274 „cre
436 1211 621 1298 juvenem,
648 1199 708 1298 qui
731 1224 887 1270 moneret
909 1235 930 1264 n
948 1257 960 1288 ,
975 1224 1039 1286 ur,
1065 1197 1102 1270 si·

332 1302 473 1375 dissimis
503 1302 691 1374 amicorum
725 1301 762 1371 in
790 1303 938 1371 Pontum
974 1297 1100 1388 millis,
1130 1354 1134 1359 -

331 1399 483 1505 effigiem
506 1401 599 1474 suam
620 1402 764 1474 acciret:
786 1399 900 1473 letum
913 1400 952 1472 id
972 1427 1008 1472 te
1032 1429 1103 1490 no,

333 1529 564 1602 magnamque
601 1513 636 1575 δι
663 1497 818 1574 inclitam
850 1500 969 1574 sedem
995 1429 1100 1591 sire,

334 1631 408 1705 quae
434 1601 641 1701 excepisset:
674 1635 695 1665 α
724 1599 823 1672 simul
854 1600 964 1674 visum
1001 1628 1100 1673 eum-

333 1704 444 1777 adem
476 1711 636 1802 juvenem
666 1702 701 1774 in
739 1702 858 1774 celum
887 1705 966 1803 igne
994 1701 1100 1802 pluri·

333 1833 422 1878 amo
457 1804 568 1876 attolli
586 1838 625 1876 a.
651 1802 883 1891 PtolemaeuS,
915 1802 1032 1875 omine
1064 1812 1104 1876 δε

335 1904 502 1978 miraculo
530 1905 654 1978 excitus
682 1963 693 1993 ‚
733 1902 959 1977 sacerdotibus
985 1907 1103 2004 AEgyp·

336 2008 488 2092 tiorum,
515 2004 638 2104 quibus
672 2032 746 2076 mos
780 2003 860 2077 talia
885 2004 1104 2100 intelligere,

335 2110 518 2183 noelutnos
541 2102 626 2176 visus
641 2106 759 2206 aperit.
783 2105 898 2202 Atque
921 2105 988 2177 illis
1002 2104 1105 2176 Ponti

336 2217 373 2282 &
403 2231 619 2280 externorum
652 2233 773 2304 parum
801 2209 946 2308 gnaris,
978 2205 1105 2278 Timo-

335 2308 478 2392 theum,
498 2305 774 2390 Atheniensem,
805 2335 826 2377 e
843 2332 946 2400 genre
962 2305 1107 2378 Eumol-

324 2406 512 2506 pidarum,
531 2411 659 2501 quem,
685 2427 724 2473 ut
746 2403 929 2474 antistitem
952 2404 1106 2478 caerimo-

335 2531 494 2592 marum,
525 2502 675 2578 Eleusine
696 2504 887 2591 exciverat,
912 2532 1106 2604 etquenam

336 2606 423 2678 ailla
446 2605 656 2702 superstitio,
677 2605 773 2702 quod
798 2633 925 2678 numen
936 2640 956 2671 a
972 2619 984 2678 'r
999 2608 1107 2679 inter-

336 2730 442 2800 rogat.
470 2706 703 2786 Timotheus,
733 2705 872 2798 quaesrtis
888 2706 948 2799 qui
960 2707 1000 2776 in
1015 2709 1108 2782 Pon-

334 2825 409 2873 tum
444 2797 639 2888 mealsent,
681 2798 853 2899 cognoscit
886 2803 1007 2875 urbem
1032 2806 1106 2882 illic

336 2903 510 3000 Sinopen,
537 2929 598 2974 nec
619 2901 737 3001 procul
762 2900 960 3002 templum,
989 2932 1104 2982 vetere

334 3001 425 3076 inter
437 3000 565 3074 accolas
580 2999 694 3093 sami,
721 3005 814 3082 Jovis
827 3005 1105 3107 Ditis.Namque

337 3115 373 3180 δι
401 3101 605 3178 muliebrem
627 3101 776 3205 effigiem
795 3105 973 3194 adsistere,
999 3137 1107 3207 quam

336 3204 490 3378 plerique
518 3205 749 3306 Proserpinam
776 3233 908 3280 vocent.
935 3208 1002 3280 Sed
1026 3213 1106 3283 Pto-

353 3333 498 3392 emaeus,
518 3321 555 3378 ut
571 3304 646 3380 sunt
662 3307 799 3405 ingenia
819 3333 958 3406 regum,
980 3335 1105 3406 pronus

340 3407 385 3479 ad
400 3405 644 3494 formidinem,
666 3405 723 3477 ubi
739 3404 892 3480 securitas
911 3409 1032 3496 rediit,
1045 3438 1106 3483 vo-

339 3505 506 3605 luptatum
519 3508 620 3606 quim
637 3505 839 3607 religionum
850 3534 1033 3610 appetens,
1044 3531 1105 3582 n‘e-

338 3604 468 3705 gligere
500 3609 709 3708 paullatim,
744 3608 889 3711 altasque
925 3611 971 3684 ad
1010 3636 1108 3728 curas
