<?xml version="1.0" encoding="UTF-8"?>
<!DOCTYPE html PUBLIC "-//W3C//DTD XHTML 1.0 Transitional//EN"
    "http://www.w3.org/TR/xhtml1/DTD/xhtml1-transitional.dtd">
<html xmlns="http://www.w3.org/1999/xhtml" xml:lang="en" lang="en">
 <head>
  <title>
</title>
<meta http-equiv="Content-Type" content="text/html;charset=utf-8" />
  <meta name='ocr-system' content='tesseract 3.04.00' />
  <meta name='ocr-capabilities' content='ocr_page ocr_carea ocr_par ocr_line ocrx_word'/>
</head>
<body>
  <div class='ocr_page' id='page_1' title='image "./operasupplement02tacigoog_0230.png"; bbox 0 0 2792 4742; ppageno 0'>
   <div class='ocr_carea' id='block_1_1' title="bbox 197 590 1258 3527">
    <p class='ocr_par' dir='ltr' id='par_1_1' title="bbox 197 436 1258 920">
     <span class='ocr_line' id='line_1_1' title="bbox 329 590 1003 678; baseline 0.003 -11"><span class='ocrx_word' id='word_1_1' title='bbox 329 604 401 678; x_wconf 58' lang='lat'>226</span> <span class='ocrx_word' id='word_1_2' title='bbox 441 590 1003 669; x_wconf 50' lang='lat' dir='ltr'>crematurum</span> 
     </span>
     <span class='ocr_line' id='line_1_2' title="bbox 197 707 1258 893; baseline 0.008 -109"><span class='ocrx_word' id='word_1_3' title='bbox 197 744 313 791; x_wconf 56' lang='lat' dir='ltr'>m</span> <span class='ocrx_word' id='word_1_4' title='bbox 328 712 415 786; x_wconf 89' lang='lat' dir='ltr'>lium</span> <span class='ocrx_word' id='word_1_5' title='bbox 427 707 618 814; x_wconf 77' lang='lat' dir='ltr'>progressa:</span> <span class='ocrx_word' id='word_1_6' title='bbox 633 736 766 813; x_wconf 90' lang='lat' dir='ltr'>tempus</span> <span class='ocrx_word' id='word_1_7' title='bbox 776 740 915 813; x_wconf 89' lang='lat' dir='ltr'>quoque</span> <span class='ocrx_word' id='word_1_8' title='bbox 924 718 1110 813; x_wconf 49' lang='lat' dir='ltr'>mercatbsj·</span> <span class='ocrx_word' id='word_1_9' title='bbox 1255 712 1258 893; x_wconf 48' lang='lat' dir='ltr'>p</span> 
     </span>
     <span class='ocr_line' id='line_1_3' title="bbox 197 811 1104 920; baseline 0.007 -33"><span class='ocrx_word' id='word_1_10' title='bbox 197 817 229 875; x_wconf 62' lang='lat' dir='ltr'>A·</span> <span class='ocrx_word' id='word_1_11' title='bbox 240 817 272 863; x_wconf 68' lang='grc' dir='ltr'>υ·</span> <span class='ocrx_word' id='word_1_12' title='bbox 283 814 315 865; x_wconf 63' lang='grc' dir='ltr'>θ’</span> <span class='ocrx_word' id='word_1_13' title='bbox 328 814 439 894; x_wconf 85' lang='lat' dir='ltr'>ditem</span> <span class='ocrx_word' id='word_1_14' title='bbox 457 811 610 913; x_wconf 86' lang='lat' dir='ltr'>alioquin</span> <span class='ocrx_word' id='word_1_15' title='bbox 628 814 825 903; x_wconf 85' lang='lat' dir='ltr'>coloniam,</span> <span class='ocrx_word' id='word_1_16' title='bbox 851 824 981 915; x_wconf 87' lang='lat' dir='ltr'>majore</span> <span class='ocrx_word' id='word_1_17' title='bbox 994 848 1104 920; x_wconf 85' lang='lat' dir='ltr'>opum</span> 
     </span>
    </p>

    <p class='ocr_par' dir='ltr' id='par_1_2' title="bbox 224 902 1108 1017">
     <span class='ocr_line' id='line_1_4' title="bbox 224 902 1108 1017; baseline 0.006 -28"><span class='ocrx_word' id='word_1_18' title='bbox 224 902 290 959; x_wconf 71' lang='lat'>⁸²²·</span> <span class='ocrx_word' id='word_1_19' title='bbox 327 913 436 1017; x_wconf 83' lang='lat' dir='ltr'>specie</span> <span class='ocrx_word' id='word_1_20' title='bbox 458 913 663 1015; x_wconf 83' lang='lat' dir='ltr'><strong>complebat.</strong></span> <span class='ocrx_word' id='word_1_21' title='bbox 684 916 805 989; x_wconf 89' lang='lat' dir='ltr'>Cereri</span> <span class='ocrx_word' id='word_1_22' title='bbox 818 915 920 991; x_wconf 87' lang='lat' dir='ltr'>duces</span> <span class='ocrx_word' id='word_1_23' title='bbox 934 918 971 991; x_wconf 87' lang='lat' dir='ltr'>in</span> <span class='ocrx_word' id='word_1_24' title='bbox 986 920 1108 994; x_wconf 81' lang='lat' dir='ltr'>obscu-</span> 
     </span>
    </p>

    <p class='ocr_par' dir='ltr' id='par_1_3' title="bbox 218 1005 1103 1117">
     <span class='ocr_line' id='line_1_5' title="bbox 218 1005 1103 1117; baseline 0.005 -26"><span class='ocrx_word' id='word_1_25' title='bbox 218 1005 242 1056; x_wconf 63' lang='lat' dir='ltr'>J·</span> <span class='ocrx_word' id='word_1_26' title='bbox 261 1005 294 1055; x_wconf 54' lang='grc' dir='ltr'>θ’</span> <span class='ocrx_word' id='word_1_27' title='bbox 327 1043 387 1091; x_wconf 85' lang='lat' dir='ltr'>ro:</span> <span class='ocrx_word' id='word_1_28' title='bbox 406 1014 599 1090; x_wconf 79' lang='lat' dir='ltr'>Antonium</span> <span class='ocrx_word' id='word_1_29' title='bbox 614 1012 753 1091; x_wconf 84' lang='lat' dir='ltr'>fortuna</span> <span class='ocrx_word' id='word_1_30' title='bbox 765 1014 926 1117; x_wconf 83' lang='lat' dir='ltr'>famaque</span> <span class='ocrx_word' id='word_1_31' title='bbox 941 1022 1103 1095; x_wconf 68' lang='lat' dir='ltr'>onurium</span> 
     </span>
    </p>

    <p class='ocr_par' dir='ltr' id='par_1_4' title="bbox 230 1095 1104 1622">
     <span class='ocr_line' id='line_1_6' title="bbox 230 1095 1101 1218; baseline 0.005 -27"><span class='ocrx_word' id='word_1_32' title='bbox 230 1095 281 1157; x_wconf 45' lang='grc' dir='ltr'>ῥ’·</span> <span class='ocrx_word' id='word_1_33' title='bbox 327 1115 433 1191; x_wconf 87' lang='lat' dir='ltr'>oculis</span> <span class='ocrx_word' id='word_1_34' title='bbox 447 1114 666 1218; x_wconf 79' lang='lat' dir='ltr'>exposuerat:</span> <span class='ocrx_word' id='word_1_35' title='bbox 689 1119 717 1191; x_wconf 89' lang='lat' dir='ltr'>is</span> <span class='ocrx_word' id='word_1_36' title='bbox 734 1118 905 1206; x_wconf 82' lang='lat' dir='ltr'>balineas,</span> <span class='ocrx_word' id='word_1_37' title='bbox 924 1118 1101 1195; x_wconf 87' lang='lat' dir='ltr'>abluendo</span> 
     </span>
     <span class='ocr_line' id='line_1_7' title="bbox 322 1217 1102 1320; baseline 0.001 -29"><span class='ocrx_word' id='word_1_38' title='bbox 322 1217 462 1307; x_wconf 77' lang='lat' dir='ltr'>cruori,</span> <span class='ocrx_word' id='word_1_39' title='bbox 487 1220 628 1319; x_wconf 73' lang='lat' dir='ltr'>propere</span> <span class='ocrx_word' id='word_1_40' title='bbox 650 1219 759 1320; x_wconf 88' lang='lat' dir='ltr'>petit:</span> <span class='ocrx_word' id='word_1_41' title='bbox 786 1242 924 1319; x_wconf 85' lang='lat' dir='ltr'>excepta</span> <span class='ocrx_word' id='word_1_42' title='bbox 942 1248 1007 1291; x_wconf 86' lang='lat' dir='ltr'>vox</span> <span class='ocrx_word' id='word_1_43' title='bbox 1027 1224 1102 1316; x_wconf 83' lang='lat' dir='ltr'>est,</span> 
     </span>
     <span class='ocr_line' id='line_1_8' title="bbox 328 1316 1104 1420; baseline 0.005 -29"><span class='ocrx_word' id='word_1_44' title='bbox 328 1316 411 1397; x_wconf 79' lang='lat' dir='ltr'>riun</span> <span class='ocrx_word' id='word_1_45' title='bbox 421 1343 577 1420; x_wconf 90' lang='lat' dir='ltr'>teporem</span> <span class='ocrx_word' id='word_1_46' title='bbox 587 1316 769 1413; x_wconf 82' lang='lat' dir='ltr'>incusaret3</span> <span class='ocrx_word' id='word_1_47' title='bbox 785 1320 924 1391; x_wconf 65' lang='lat' dir='ltr'>«statim</span> <span class='ocrx_word' id='word_1_48' title='bbox 936 1317 1104 1415; x_wconf 87' lang='lat' dir='ltr'>futurum,</span> 
     </span>
     <span class='ocr_line' id='line_1_9' title="bbox 325 1418 1104 1507; baseline 0.005 -16"><span class='ocrx_word' id='word_1_49' title='bbox 325 1444 394 1495; x_wconf 73' lang='lat' dir='ltr'>aut</span> <span class='ocrx_word' id='word_1_50' title='bbox 406 1418 692 1507; x_wconf 67' lang='lat' dir='ltr'>incalescerenta.</span> <span class='ocrx_word' id='word_1_51' title='bbox 715 1418 859 1497; x_wconf 92' lang='lat' dir='ltr'>Vernile</span> <span class='ocrx_word' id='word_1_52' title='bbox 877 1420 1008 1493; x_wconf 59' lang='lat' dir='ltr'>dicium</span> <span class='ocrx_word' id='word_1_53' title='bbox 1024 1418 1104 1495; x_wconf 74' lang='lat' dir='ltr'>om‹</span> 
     </span>
     <span class='ocr_line' id='line_1_10' title="bbox 326 1519 1104 1622; baseline -0.005 -21"><span class='ocrx_word' id='word_1_54' title='bbox 326 1554 412 1601; x_wconf 86' lang='lat' dir='ltr'>nem</span> <span class='ocrx_word' id='word_1_55' title='bbox 435 1519 601 1597; x_wconf 88' lang='lat' dir='ltr'>invidiam</span> <span class='ocrx_word' id='word_1_56' title='bbox 627 1522 664 1595; x_wconf 91' lang='lat' dir='ltr'>in</span> <span class='ocrx_word' id='word_1_57' title='bbox 674 1522 879 1610; x_wconf 88' lang='lat' dir='ltr'>eumverrir,</span> <span class='ocrx_word' id='word_1_58' title='bbox 897 1547 1104 1622; x_wconf 73' lang='lat' dir='ltr'>aramquam</span> 
     </span>
    </p>

    <p class='ocr_par' dir='ltr' id='par_1_5' title="bbox 233 1622 1105 1829">
     <span class='ocr_line' id='line_1_11' title="bbox 233 1622 1105 1727; baseline 0.002 -30"><span class='ocrx_word' id='word_1_59' title='bbox 233 1700 236 1704; x_wconf 65' lang='grc'><strong><em>,</em></strong></span> <span class='ocrx_word' id='word_1_60' title='bbox 326 1622 1105 1727; x_wconf 68' lang='lat' dir='ltr'>›signumincendendaCremonaedediffetn,</span> 
     </span>
     <span class='ocr_line' id='line_1_12' title="bbox 330 1723 672 1829; baseline 0 -30"><span class='ocrx_word' id='word_1_61' title='bbox 330 1755 403 1829; x_wconf 87' lang='lat' dir='ltr'>quae</span> <span class='ocrx_word' id='word_1_62' title='bbox 417 1737 487 1826; x_wconf 89' lang='lat' dir='ltr'>jam</span> <span class='ocrx_word' id='word_1_63' title='bbox 501 1723 672 1828; x_wconf 84' lang='lat' dir='ltr'>flagrabat.</span> 
     </span>
    </p>

    <p class='ocr_par' dir='ltr' id='par_1_6' title="bbox 327 1825 1102 1920">
     <span class='ocr_line' id='line_1_13' title="bbox 327 1825 1102 1920; baseline -0.003 -18"><span class='ocrx_word' id='word_1_64' title='bbox 327 1825 329 1829; x_wconf 37' lang='lat'>⁸</span> <span class='ocrx_word' id='word_1_65' title='bbox 376 1829 546 1902; x_wconf 86' lang='lat' dir='ltr'><strong>XXXIII.</strong></span> <span class='ocrx_word' id='word_1_66' title='bbox 576 1830 862 1920; x_wconf 74' lang='lat' dir='ltr'>Quaouaomra</span> <span class='ocrx_word' id='word_1_67' title='bbox 892 1851 1102 1901; x_wconf 84' lang='lat' dir='ltr'>armatorum</span> 
     </span>
    </p>

    <p class='ocr_par' dir='ltr' id='par_1_7' title="bbox 328 1925 1102 2029">
     <span class='ocr_line' id='line_1_14' title="bbox 328 1925 1102 2029; baseline 0 -26"><span class='ocrx_word' id='word_1_68' title='bbox 328 1927 439 2003; x_wconf 86' lang='lat' dir='ltr'>millia</span> <span class='ocrx_word' id='word_1_69' title='bbox 478 1930 666 2029; x_wconf 79' lang='lat' dir='ltr'>inrupere,</span> <span class='ocrx_word' id='word_1_70' title='bbox 698 1925 872 1999; x_wconf 84' lang='lat' dir='ltr'>calonum</span> <span class='ocrx_word' id='word_1_71' title='bbox 890 1926 1102 2027; x_wconf 83' lang='lat' dir='ltr'>lixarumque</span> 
     </span>
    </p>

    <p class='ocr_par' dir='ltr' id='par_1_8' title="bbox 318 2027 1106 3527">
     <span class='ocr_line' id='line_1_15' title="bbox 329 2027 1103 2128; baseline 0 -27"><span class='ocrx_word' id='word_1_72' title='bbox 329 2030 476 2128; x_wconf 78' lang='lat' dir='ltr'>amplior</span> <span class='ocrx_word' id='word_1_73' title='bbox 491 2046 678 2124; x_wconf 87' lang='lat' dir='ltr'>numerus,</span> <span class='ocrx_word' id='word_1_74' title='bbox 701 2038 736 2101; x_wconf 77' lang='grc' dir='ltr'>δι</span> <span class='ocrx_word' id='word_1_75' title='bbox 748 2028 785 2099; x_wconf 91' lang='lat' dir='ltr'>in</span> <span class='ocrx_word' id='word_1_76' title='bbox 799 2027 981 2102; x_wconf 85' lang='lat' dir='ltr'>libidinem</span> <span class='ocrx_word' id='word_1_77' title='bbox 994 2044 1031 2102; x_wconf 66' lang='lat' dir='ltr'>a‘c</span> <span class='ocrx_word' id='word_1_78' title='bbox 1045 2027 1103 2101; x_wconf 76' lang='lat' dir='ltr'>sa-</span> 
     </span>
     <span class='ocr_line' id='line_1_16' title="bbox 328 2128 1103 2231; baseline -0.005 -27"><span class='ocrx_word' id='word_1_79' title='bbox 328 2131 450 2205; x_wconf 84' lang='lat' dir='ltr'>vitiam</span> <span class='ocrx_word' id='word_1_80' title='bbox 476 2129 675 2231; x_wconf 82' lang='lat' dir='ltr'>corruptior.</span> <span class='ocrx_word' id='word_1_81' title='bbox 719 2128 800 2201; x_wconf 92' lang='lat' dir='ltr'>Non</span> <span class='ocrx_word' id='word_1_82' title='bbox 826 2128 1002 2226; x_wconf 86' lang='lat' dir='ltr'>dignitas,</span> <span class='ocrx_word' id='word_1_83' title='bbox 1029 2157 1103 2217; x_wconf 85' lang='lat' dir='ltr'>non</span> 
     </span>
     <span class='ocr_line' id='line_1_17' title="bbox 329 2228 1103 2335; baseline -0.005 -30"><span class='ocrx_word' id='word_1_84' title='bbox 329 2257 407 2305; x_wconf 86' lang='lat' dir='ltr'>aetas</span> <span class='ocrx_word' id='word_1_85' title='bbox 428 2232 651 2335; x_wconf 83' lang='lat' dir='ltr'>protegebat,</span> <span class='ocrx_word' id='word_1_86' title='bbox 672 2229 857 2329; x_wconf 87' lang='lat' dir='ltr'>quominus</span> <span class='ocrx_word' id='word_1_87' title='bbox 877 2230 986 2329; x_wconf 86' lang='lat' dir='ltr'>stupra</span> <span class='ocrx_word' id='word_1_88' title='bbox 1003 2228 1103 2301; x_wconf 84' lang='lat' dir='ltr'>caedi-</span> 
     </span>
     <span class='ocr_line' id='line_1_18' title="bbox 328 2328 1106 2428; baseline -0.008 -20"><span class='ocrx_word' id='word_1_89' title='bbox 328 2332 404 2420; x_wconf 82' lang='lat' dir='ltr'>bus,</span> <span class='ocrx_word' id='word_1_90' title='bbox 414 2333 520 2406; x_wconf 69' lang='lat' dir='ltr'>cades</span> <span class='ocrx_word' id='word_1_91' title='bbox 531 2331 647 2428; x_wconf 90' lang='lat' dir='ltr'>stupris</span> <span class='ocrx_word' id='word_1_92' title='bbox 656 2328 1106 2403; x_wconf 83' lang='lat' dir='ltr'>miscerentur.Grandaevos</span> 
     </span>
     <span class='ocr_line' id='line_1_19' title="bbox 328 2422 1104 2518; baseline -0.001 -14"><span class='ocrx_word' id='word_1_93' title='bbox 328 2428 452 2518; x_wconf 83' lang='lat' dir='ltr'>senes,</span> <span class='ocrx_word' id='word_1_94' title='bbox 479 2429 592 2505; x_wconf 66' lang='lat' dir='ltr'>eradii</span> <span class='ocrx_word' id='word_1_95' title='bbox 609 2422 916 2515; x_wconf 68' lang='lat' dir='ltr'>erate-feminas,</span> <span class='ocrx_word' id='word_1_96' title='bbox 948 2425 1030 2501; x_wconf 87' lang='lat' dir='ltr'>viles</span> <span class='ocrx_word' id='word_1_97' title='bbox 1058 2430 1104 2503; x_wconf 91' lang='lat' dir='ltr'>ad</span> 
     </span>
     <span class='ocr_line' id='line_1_20' title="bbox 323 2525 1104 2633; baseline 0.001 -31"><span class='ocrx_word' id='word_1_98' title='bbox 323 2529 505 2633; x_wconf 79' lang='lat' dir='ltr'>praedam,</span> <span class='ocrx_word' id='word_1_99' title='bbox 527 2529 565 2605; x_wconf 88' lang='lat' dir='ltr'>in</span> <span class='ocrx_word' id='word_1_100' title='bbox 593 2525 783 2607; x_wconf 83' lang='lat' dir='ltr'>ludibrium</span> <span class='ocrx_word' id='word_1_101' title='bbox 811 2527 999 2602; x_wconf 87' lang='lat' dir='ltr'>trahebant.</span> <span class='ocrx_word' id='word_1_102' title='bbox 1028 2531 1104 2603; x_wconf 91' lang='lat' dir='ltr'>Ubi</span> 
     </span>
     <span class='ocr_line' id='line_1_21' title="bbox 328 2624 1102 2733; baseline -0.001 -27"><span class='ocrx_word' id='word_1_103' title='bbox 328 2630 446 2706; x_wconf 88' lang='lat' dir='ltr'>adulta</span> <span class='ocrx_word' id='word_1_104' title='bbox 469 2626 590 2733; x_wconf 78' lang='lat' dir='ltr'>virgo,</span> <span class='ocrx_word' id='word_1_105' title='bbox 616 2655 673 2703; x_wconf 87' lang='lat' dir='ltr'>aut</span> <span class='ocrx_word' id='word_1_106' title='bbox 689 2630 764 2728; x_wconf 91' lang='lat' dir='ltr'>quis</span> <span class='ocrx_word' id='word_1_107' title='bbox 782 2624 893 2701; x_wconf 71' lang='lat' dir='ltr'>formai</span> <span class='ocrx_word' id='word_1_108' title='bbox 907 2629 1102 2731; x_wconf 86' lang='lat' dir='ltr'>conspicuus</span> 
     </span>
     <span class='ocr_line' id='line_1_22' title="bbox 329 2728 1104 2828; baseline 0.003 -27"><span class='ocrx_word' id='word_1_109' title='bbox 329 2729 523 2818; x_wconf 79' lang='lat' dir='ltr'>incidiffet,</span> <span class='ocrx_word' id='word_1_110' title='bbox 544 2732 578 2803; x_wconf 86' lang='lat' dir='ltr'>vi</span> <span class='ocrx_word' id='word_1_111' title='bbox 592 2728 815 2825; x_wconf 81' lang='lat' dir='ltr'>manibusque</span> <span class='ocrx_word' id='word_1_112' title='bbox 830 2730 1034 2828; x_wconf 85' lang='lat' dir='ltr'>rapientium</span> <span class='ocrx_word' id='word_1_113' title='bbox 1052 2731 1104 2803; x_wconf 89' lang='lat' dir='ltr'>di-</span> 
     </span>
     <span class='ocr_line' id='line_1_23' title="bbox 327 2826 1105 2929; baseline 0.006 -26"><span class='ocrx_word' id='word_1_114' title='bbox 327 2827 461 2917; x_wconf 83' lang='lat' dir='ltr'>vulsus,</span> <span class='ocrx_word' id='word_1_115' title='bbox 480 2828 567 2928; x_wconf 89' lang='lat' dir='ltr'>ipsos</span> <span class='ocrx_word' id='word_1_116' title='bbox 583 2829 753 2927; x_wconf 71' lang='lat' dir='ltr'>postremis</span> <span class='ocrx_word' id='word_1_117' title='bbox 773 2826 958 2929; x_wconf 87' lang='lat' dir='ltr'>direptores</span> <span class='ocrx_word' id='word_1_118' title='bbox 971 2831 1008 2903; x_wconf 87' lang='lat' dir='ltr'>iu</span> <span class='ocrx_word' id='word_1_119' title='bbox 1024 2857 1105 2908; x_wconf 58' lang='lat' dir='ltr'>mue</span> 
     </span>
     <span class='ocr_line' id='line_1_24' title="bbox 318 2927 1103 3032; baseline -0.003 -25"><span class='ocrx_word' id='word_1_120' title='bbox 318 2954 425 3007; x_wconf 70' lang='lat' dir='ltr'>tuam</span> <span class='ocrx_word' id='word_1_121' title='bbox 439 2929 627 3032; x_wconf 86' lang='lat' dir='ltr'>perniciem</span> <span class='ocrx_word' id='word_1_122' title='bbox 642 2927 764 3031; x_wconf 84' lang='lat' dir='ltr'>agebat</span> <span class='ocrx_word' id='word_1_123' title='bbox 776 2959 784 3002; x_wconf 75' lang='grc' dir='ltr'>ι</span> <span class='ocrx_word' id='word_1_124' title='bbox 798 2927 882 3001; x_wconf 92' lang='lat' dir='ltr'>dum</span> <span class='ocrx_word' id='word_1_125' title='bbox 898 2930 1103 3031; x_wconf 84' lang='lat' dir='ltr'>pecuniam,</span> 
     </span>
     <span class='ocr_line' id='line_1_25' title="bbox 328 3028 1103 3133; baseline -0.004 -24"><span class='ocrx_word' id='word_1_126' title='bbox 328 3029 386 3109; x_wconf 78' lang='lat' dir='ltr'>rel</span> <span class='ocrx_word' id='word_1_127' title='bbox 417 3032 529 3133; x_wconf 87' lang='lat' dir='ltr'>gravia</span> <span class='ocrx_word' id='word_1_128' title='bbox 556 3056 638 3125; x_wconf 85' lang='lat' dir='ltr'>auro</span> <span class='ocrx_word' id='word_1_129' title='bbox 665 3028 874 3133; x_wconf 87' lang='lat' dir='ltr'>templorum</span> <span class='ocrx_word' id='word_1_130' title='bbox 901 3031 1016 3123; x_wconf 87' lang='lat' dir='ltr'>dona,</span> <span class='ocrx_word' id='word_1_131' title='bbox 1040 3030 1103 3117; x_wconf 78' lang='lat' dir='ltr'>sabi</span> 
     </span>
     <span class='ocr_line' id='line_1_26' title="bbox 327 3129 1105 3233; baseline -0.004 -23"><span class='ocrx_word' id='word_1_132' title='bbox 327 3129 471 3233; x_wconf 84' lang='lat' dir='ltr'>quisque</span> <span class='ocrx_word' id='word_1_133' title='bbox 485 3133 643 3221; x_wconf 87' lang='lat' dir='ltr'>trahunt,</span> <span class='ocrx_word' id='word_1_134' title='bbox 657 3140 787 3232; x_wconf 87' lang='lat' dir='ltr'>majore</span> <span class='ocrx_word' id='word_1_135' title='bbox 801 3131 945 3209; x_wconf 89' lang='lat' dir='ltr'>aliorum</span> <span class='ocrx_word' id='word_1_136' title='bbox 958 3135 992 3207; x_wconf 90' lang='lat' dir='ltr'>vi</span> <span class='ocrx_word' id='word_1_137' title='bbox 1007 3161 1105 3209; x_wconf 76' lang='lat' dir='ltr'>trun-</span> 
     </span>
     <span class='ocr_line' id='line_1_27' title="bbox 331 3232 1102 3331; baseline 0.001 -25"><span class='ocrx_word' id='word_1_138' title='bbox 331 3234 504 3311; x_wconf 80' lang='lat' dir='ltr'>cabantur.</span> <span class='ocrx_word' id='word_1_139' title='bbox 532 3234 687 3327; x_wconf 88' lang='lat' dir='ltr'>Quidam</span> <span class='ocrx_word' id='word_1_140' title='bbox 700 3233 802 3313; x_wconf 85' lang='lat' dir='ltr'>obvia</span> <span class='ocrx_word' id='word_1_141' title='bbox 816 3232 1003 3331; x_wconf 87' lang='lat' dir='ltr'>aspernati,</span> <span class='ocrx_word' id='word_1_142' title='bbox 1024 3262 1102 3309; x_wconf 87' lang='lat' dir='ltr'>ver·-</span> 
     </span>
     <span class='ocr_line' id='line_1_28' title="bbox 329 3332 1102 3433; baseline -0.003 -21"><span class='ocrx_word' id='word_1_143' title='bbox 329 3334 467 3420; x_wconf 79' lang='lat' dir='ltr'>beribus</span> <span class='ocrx_word' id='word_1_144' title='bbox 486 3332 732 3433; x_wconf 87' lang='lat' dir='ltr'>tormentisque</span> <span class='ocrx_word' id='word_1_145' title='bbox 747 3332 968 3407; x_wconf 86' lang='lat' dir='ltr'>dominorum</span> <span class='ocrx_word' id='word_1_146' title='bbox 985 3334 1102 3411; x_wconf 85' lang='lat' dir='ltr'>abdita</span> 
     </span>
     <span class='ocr_line' id='line_1_29' title="bbox 327 3432 1100 3527; baseline -0.003 -16"><span class='ocrx_word' id='word_1_147' title='bbox 327 3432 626 3527; x_wconf 81' lang='lat' dir='ltr'>scrutari‚defolla</span> <span class='ocrx_word' id='word_1_148' title='bbox 636 3461 762 3510; x_wconf 88' lang='lat' dir='ltr'>eruere.</span> <span class='ocrx_word' id='word_1_149' title='bbox 772 3434 869 3507; x_wconf 87' lang='lat' dir='ltr'>Faces</span> <span class='ocrx_word' id='word_1_150' title='bbox 879 3435 915 3507; x_wconf 92' lang='lat' dir='ltr'>in</span> <span class='ocrx_word' id='word_1_151' title='bbox 926 3435 1100 3519; x_wconf 73' lang='lat' dir='ltr'>manibust</span> 
     </span>
    </p>
   </div>
   <div class='ocr_carea' id='block_1_2' title="bbox 315 3531 1100 3642">
    <p class='ocr_par' dir='ltr' id='par_1_9' title="bbox 315 3531 1100 3642">
     <span class='ocr_line' id='line_1_30' title="bbox 315 3531 1100 3642; baseline -0.004 -27"><span class='ocrx_word' id='word_1_152' title='bbox 315 3564 433 3636; x_wconf 72' lang='lat' dir='ltr'>quas,</span> <span class='ocrx_word' id='word_1_153' title='bbox 459 3538 518 3617; x_wconf 85' lang='lat' dir='ltr'>ubi</span> <span class='ocrx_word' id='word_1_154' title='bbox 535 3536 684 3642; x_wconf 75' lang='lat' dir='ltr'>predam</span> <span class='ocrx_word' id='word_1_155' title='bbox 702 3531 909 3639; x_wconf 76' lang='lat' dir='ltr'>egesserant,</span> <span class='ocrx_word' id='word_1_156' title='bbox 930 3536 966 3619; x_wconf 86' lang='lat' dir='ltr'>in</span> <span class='ocrx_word' id='word_1_157' title='bbox 981 3564 1100 3616; x_wconf 81' lang='lat' dir='ltr'>vacuas</span> 
     </span>
    </p>
   </div>
   <div class='ocr_carea' id='block_1_3' title="bbox 0 0 1401 4742">
    <p class='ocr_par' dir='ltr' id='par_1_10' title="bbox 0 0 1401 4742">
     <span class='ocr_line' id='line_1_31' title="bbox 0 0 1401 4742; baseline 0 0"><span class='ocrx_word' id='word_1_158' title='bbox 0 0 1401 4742; x_wconf 95' lang='lat' dir='ltr'> </span> 
     </span>
    </p>
   </div>
  </div>
 </body>
</html>
