2792 4742
331 667 403 734 266,
448 639 1005 728 ocoanaanrrcm
1080 626 1085 633 .

196 824 317 877 ,Ξ
332 804 452 854 areta.
480 770 547 845 Sed
561 765 722 845 Vitellius
739 760 882 835 consulis
898 758 1109 863 suppliciunt

203 878 235 941 'n
245 890 277 936 u.
287 886 317 934 c·
334 876 483 988 poscenti
492 868 617 976 populo
629 864 746 941 restitit
755 916 768 953 ,
780 862 927 963 placatus
938 920 949 952 ,
960 890 998 935 ac
1008 864 1104 937 velut

228 975 293 1025 ⁸²²·
336 1007 448 1059 vicem
475 971 621 1066 reddens
643 1026 654 1059 ,
673 964 787 1067 ,qubd
816 965 1105 1066 interrogantibus

218 1060 292 1192 ἧς·
339 1120 366 1151 a
395 1081 445 1153 uis
462 1072 675 1178 Capitolium
692 1063 938 1156 incendisset»,
958 1064 992 1139 se
1006 1092 1106 1143 reum

257 1153 288 1204 9·
334 1185 468 1261 Atticus
479 1174 662 1251 obtulerat.
674 1169 787 1271 Eique
801 1166 1024 1257 confellrone,
1039 1167 1107 1243 srve

333 1311 453 1400 aptum
474 1275 623 1380 tempori
642 1270 863 1346 mendacium
888 1266 985 1358 fuit,
1015 1270 1108 1344 invi-

334 1383 646 1478 dram'crimenque
659 1370 830 1476 agnovisse
843 1429 854 1463 ,
873 1382 908 1446 &
924 1400 943 1445 a
956 1370 1107 1472 partibus

330 1484 471 1566 Vitellii
486 1468 646 1555 amolitus
663 1473 852 1551 videbatur.
1220 1548 1221 1551 Ἴ

383 1585 550 1659 LXXVI.
572 1586 697 1654 irsoum
720 1575 839 1649 diebus
862 1576 903 1647 L.
920 1571 1108 1674 Vitellius,

335 1686 448 1793 posrtis
474 1681 566 1785 apud
591 1677 769 1752 Feroniam
798 1672 938 1765 castris,
974 1674 1108 1747 excidio
1254 1690 1255 1697 ’

334 1787 526 1864 Tarracinae
540 1778 774 1876 imminebar3
803 1775 918 1851 claulis
942 1773 1013 1847 illic
1034 1774 1110 1876 gla-

336 1888 523 1966 diatoribus
540 1878 814 1985 remigibusque,
829 1878 890 1978 qui
903 1905 975 1950 non
991 1866 1110 1978 egredi
1184 1936 1192 1951 .

335 1990 489 2078 tnoenia,
514 2009 627 2083 neque
644 1980 835 2081 periculum
856 1980 894 2051 in
914 2002 1031 2079 aperto
1047 2004 1111 2063 atu-⁴

338 2092 476 2167 debant.
488 2092 630 2161 Praeerat
640 2140 651 2173 ,
663 2106 701 2156 ut
711 2080 807 2185 suprl
821 2079 1113 2169 mernoravimus,¹

339 2194 493 2275 Julianus
528 2184 801 2289 gladiatoribus,
823 2179 1032 2283 Apollinaris
1056 2206 1114 2255 re-

339 2292 500 2395 migibus,
510 2282 871 2378 lascividsocordilque
881 2280 1113 2378 gladiatorum

261 2476 264 2481 ,
337 2394 470 2492 magis,
494 2386 600 2487 qudm
617 2383 744 2455 ducum
758 2378 893 2451 similes.
920 2380 1002 2451 Non
1022 2380 1114 2483 vigi·
1134 2386 1137 2391 ’

340 2493 401 2567 lias
415 2516 515 2593 agere
530 2545 541 2579 ,
562 2482 758 2560 non‘intuta
772 2480 940 2556 moenium
954 2479 1092 2555 firmare
1102 2507 1120 2573 ,·

341 2598 447 2671 nodiu
467 2590 592 2689 dieque
615 2585 721 2673 fluxi,
750 2593 786 2658 &
809 2608 947 2655 ‘amoena
972 2581 1117 2657 litorum

341 2680 1131 2795 personantes,inministeriumluxfisdispersr's'

342 2788 531 2874 militibus,
548 2785 592 2859 de
603 2780 697 2856 bello
710 2778 946 2853 tantitmintet
959 2784 1117 2859 convivia

342 2888 580 2993 loquebantur.
604 2888 730 2958 Paucos
745 2906 823 2955 ante
838 2879 910 2955 dies
925 2880 1116 2959 discefferat

280 3056 282 3062 Α
344 2982 779 3095 ApiniusTir03donisque
787 3010 825 3055 ac
838 2982 987 3084 pecuniis
995 2985 1117 3059 acerbb

344 3121 404 3200 per
419 3089 605 3191 municipia
617 3083 858 3185 conquirendis
870 3140 881 3172 ,
893 3081 966 3185 plus
979 3086 1114 3161 invidia
1142 3084 1145 3087 ’

345 3196 451 3301 qudm
464 3193 593 3267 virium·
601 3188 750 3289 partibus
764 3184 920 3259 addebat.
938 3190 940 3195 ’

402 3295 586 3371 LXXVII.
597 3294 647 3363 lu
659 3316 680 3361 τ
691 3317 709 3360 n
720 3316 766 3361 nr
776 3313 811 3359 M·
821 3286 864 3359 ad
880 3287 919 3358 L.
929 3282 1113 3359 Vitellium

346 3398 458 3475 servus
474 3391 632 3494 Verginii
648 3388 826 3490 Capitonis
843 3382 1015 3485 perfugit,
1036 3386 1115 3487 pol-

348 3497 524 3598 licitusque
538 3551 550 3585 ,
569 3490 625 3564 oesr
640 3488 828 3593 presidium
842 3487 1033 3589 acciperet,
1056 3514 1119 3564 va-

348 3626 475 3675 »cuam
489 3622 603 3672 arcem
614 3590 734 3668 furtim
747 3589 949 3691 ¹traditurum
958 3622 996 3683 a,
1006 3586 1124 3665 multu
