2792 4742
398 666 736 719 rtrsrorrartuu
763 645 852 717 Lrs.
877 645 938 719 lll.
989 658 1077 741 267.

288 758 392 840 noue
411 766 568 840 cohortes
585 764 780 866 expeditas,
804 764 945 840 summis
959 794 1063 841 mon-
1077 796 1193 845 Ξ

268 867 382 941 *tium
405 867 515 969 jugis,
538 864 635 971 super
662 892 762 970 caput
787 848 934 943 hostium
960 868 1062 943 sistit:
1078 862 1197 918 WC·
1269 964 1270 967 Ἴ

291 967 376 1064 inde
394 970 495 1042 miles
514 968 560 1041 ad
581 968 711 1044 caedem
735 971 866 1071 magis,
891 968 996 1069 quim
1019 971 1064 1046 ad
1100 949 1173 1089 ξιξ·

293 1097 445 1172 pugnam
460 1070 609 1145 decurrit
622 1099 631 1142 ε
645 1074 797 1147 sternunt
810 1074 983 1163 inermes,
1006 1097 1064 1147 aut
1081 1151 1084 1156 ,
1116 1068 1173 1187 '5'9

278 1197 389 1259 ,arma
404 1172 596 1275 capientes,
615 1184 651 1249 δι
662 1166 833 1275 quosdam¹
843 1172 966 1246 somno
979 1176 1067 1248 exci-
1154 1156 1168 1185 ⁸

296 1293 372 1363 tos,
392 1271 471 1346 crim
487 1275 658 1365 tenebris,
676 1304 823 1377 pavore,
843 1272 955 1349 sonitu
968 1274 1069 1349 tuba-

296 1398 398 1464 rum,
419 1374 569 1451 clamore
585 1377 696 1450 hostili
712 1378 937 1451 turbarentur.
966 1378 1070 1453 Pauci
1175 1384 1178 1393 “

298 1474 528 1575 gladiatorum
566 1477 788 1570 resistentes,
821 1504 934 1579 neque
968 1478 1072 1551 inulti

297 1577 475 1653 cecidere:
498 1581 603 1653 ceteri
626 1580 670 1653 ad
685 1609 797 1656 naves
823 1580 987 1669 ruebant,
1011 1579 1074 1655 ubi

295 1682 418 1751 cunsta
431 1680 504 1782 pari
513 1677 701 1755 formidine
711 1680 971 1783 implicabantur
980 1734 990 1767 ,
1000 1707 1073 1778 per·

294 1778 411 1853 mixtis
439 1781 607 1879 paganis,
636 1807 722 1879 quos
750 1779 845 1851 nullo
874 1778 1075 1853 discrimine

294 1878 478 1956 Vitelliani
492 1878 787 1953 trucidabant.Sex
799 1878 971 1951 liburnica
981 1879 1074 1953 inter
1179 1902 1184 1913 “

295 1981 450 2081 primum
466 1980 658 2054 tumultum
671 1980 827 2069 evasere,
853 1979 889 2051 in
904 1976 978 2079 quis
991 2004 1076 2081 ptae⁴

298 2076 407 2154 scelus
417 2079 521 2158 claslis
531 2080 738 2183 Apollinaris
752 2112 760 2154 ι
776 2081 912 2181 reliqua
922 2082 959 2153 in
971 2078 1077 2155 litore

298 2206 425 2283 captae,
445 2204 503 2254 aut
515 2182 626 2255 nimio
643 2184 818 2257 ruentium
832 2208 937 2255 onere
953 2178 1081 2281 pressas-

297 2308 393 2357 mare
421 2281 538 2357 haufit.
569 2282 727 2363 Julianus
749 2283 794 2357 ad
820 2286 859 2357 L.
884 2280 1074 2359 Vitellium

298 2383 477 2485 perduslus
491 2441 502 2472 ,
516 2385 762 2459 &verberibus
776 2382 945 2473 soedatus,
961 2383 997 2455 in
1010 2410 1072 2457 ore
1135 2479 1136 2485 ἵ

298 2491 372 2580 ejus
397 2484 578 2584 jugulatur.
622 2488 753 2573 Fuere,
781 2486 841 2583 qui
865 2510 1007 2556 uxorem
1033 2487 1075 2557 L.

296 2582 439 2659 Vitellii
453 2581 624 2655 Triariam
646 2580 869 2671 incesserent,
895 2606 1075 2681 tamquam

241 2701 243 2710 ‘
304 2711 328 2747 a
335 2682 452 2783 gladio
481 2680 621 2754 militari
647 2681 790 2771 cincla,
825 2682 915 2755 inter
942 2678 1075 2767 ludium

298 2778 1074 2885 »cladesqueexpugnataeTarracinae‚superbi

299 2881 475 2982 »sausque
503 2882 666 2982 egisset».
701 2882 787 2987 lpse
802 2884 952 2958 lauream
979 2886 1075 2985 gestae

303 2982 457 3088 prospers
472 2984 522 3057 rei
537 2983 581 3055 ad
594 2980 841 3055 fratremsmisrt
854 3014 863 3055 a
876 2990 1077 3085 percuncta-

301 3104 355 3160 tus
370 3143 381 3176 ,
399 3085 540 3158 «statim
554 3081 689 3181 regredi
702 3080 759 3171 se,
778 3110 821 3155 an
834 3078 1076 3185 perdomandae

300 3185 525 3287 »Campania
538 3182 683 3257 insistere
700 3181 879 3283 juberet».
898 3183 1005 3277 Quod
1023 3183 1076 3256 sa-

302 3286 410 3360 lutare
424 3312 495 3358 non
507 3283 614 3358 modb
627 3282 776 3386 partibus
787 3282 981 3387 Vespasiani
992 3342 1002 3373 ,
1015 3282 1075 3356 sed

305 3386 356 3459 rei
381 3385 496 3479 ublicae
514 3382 619 3480 suit:
648 3413 730 3457 nam
753 3384 777 3457 sr
799 3412 914 3461 recens
935 3382 1077 3455 visoria

305 3411 433 3571 miies,
457 3497 520 3569 &,
541 3483 639 3582 super
663 3484 797 3554 insitam
823 3483 1073 3585 pervicaciam,
1144 3564 1147 3567 ,

307 3583 462 3663 secundis
491 3580 587 3656 seror
599 3639 612 3673 ,
641 3582 793 3657 Romam
826 3581 1051 3661 contendisset
1062 3573 1099 3685 ,¹

859 3686 957 3786 uir
