2792 4742
381 690 429 758 26
495 674 1057 776 C.Conunr11Tncrrr

379 826 480 884 tum,
503 794 743 870 turbaverant..
758 796 993 874 Observatum
1007 798 1047 872 id
1068 795 1160 871 anti·

272 982 339 1037 822.

263 1066 288 1119 J.
306 1068 338 1119 c·

282 1161 333 1217 69·

246 896 363 950 Uist
377 900 490 999 quitus
512 896 662 971 comitiis
676 896 905 989 dirimendis,
935 927 1010 974 non
1033 899 1161 973 terruit

380 998 543 1075 Galbam*
566 998 752 1099 quominus
777 999 815 1071 in
842 1002 946 1073 castra
972 1014 1162 1101 pergeret,

379 1116 658 1201 contemptorem
671 1098 793 1173 talium
806 1156 819 1188 ,
842 1124 880 1174 ut
907 1096 1133 1173 fortuitorum
1146 1128 1161 1195 5

379 1199 461 1290 seu,
488 1226 562 1299 quae
584 1197 656 1273 fato
673 1224 840 1289 manent,
866 1199 1023 1299 quamvis
1053 1199 1162 1300 signi⁴

378 1299 498 1389 ficata,
513 1326 585 1373 non
598 1300 796 1375 vitarentur.
808 1300 914 1402 Apud
936 1296 1163 1399 frequentem

379 1400 535 1473 militum
548 1401 779 1491 concionem,
805 1399 1028 1501 Imperatoria
1043 1399 1165 1476 brevi·

378 1524 477 1590 tate,
519 1531 541 1564 c
560 1499 716 1616 adoptari
741 1530 762 1574 a
783 1498 818 1573 se
844 1499 1029 1589 Pisonem,
1059 1528 1162 1575 more

376 1600 478 1674 adivi
492 1598 659 1702 Augusti,
680 1612 717 1677 &
743 1599 902 1701 exemplo
915 1599 1076 1688 militari,
1087 1628 1163 1699 quo

374 1702 454 1775 avit
470 1701 584 1775 virum
604 1700 792 1803 legeret»,
814 1701 1023 1803 pronuntiat.
1042 1698 1095 1772 Ac
1114 1728 1163 1775 ne

377 1798 586 1877 diffimulata
601 1800 732 1877 'seditio
755 1803 794 1875 in
816 1810 926 1903 majus
939 1800 1162 1890 crederetur,

377 1900 472 1977 ultro
495 1901 694 1995 adseverat,
722 1935 744 1968 α
763 1928 921 2003 quartam
939 1913 978 1978 dr
999 1901 1162 1975 duoetvi-

375 2002 567 2077 acestmam
604 2004 791 2101 legiones,
830 2004 944 2102 paucis
979 2000 1161 2079 seditionis

376 2100 625 2189 oaudloribus,
650 2128 724 2171 non
742 2100 842 2171 ¹ultra
866 2099 972 2172 verba
993 2128 1033 2172 ac
1058 2127 1163 2177 voces
1235 2187 1236 2196 χ

376 2196 551 2288 aetraffe,
578 2209 614 2273 dc
629 2196 726 2271 breul
739 2198 785 2269 in
806 2194 922 2279 officio
940 2194 1015 2272 fore
1028 2234 1066 2271 a.
1080 2200 1162 2274 Nec
1235 2267 1236 2294 ,

378 2299 490 2376 ullum
503 2297 651 2373 orationi
662 2323 723 2371 aut
739 2297 951 2372 lenocinium
964 2299 1084 2387 addit,
1098 2325 1161 2375 aut
1235 2311 1237 2356 f

377 2402 537 2501 pretium.
550 2394 702 2469 Tribuni
714 2420 832 2469 tamen
839 2396 1130 2497 centurionesque
1146 2458 1159 2491 ,

379 2508 417 2575 &
443 2496 591 2601 proximi
613 2494 792 2583 militum,
821 2520 918 2595 grata
944 2496 1065 2571 auditu
1089 2498 1160 2575 res-
1234 2517 1235 2522 ’

380 2597 561 2703 pondentr
583 2622 643 2701 pet
665 2620 796 2671 ceteros
819 2596 971 2676 mestitia
992 2625 1031 2670 ac
1053 2596 1160 2673 srlen·

381 2701 491 2787 tium,
507 2724 671 2796 tanquam
687 2695 884 2797 usurpatam
893 2698 1001 2770 etiam
1023 2700 1060 2769 in
1074 2728 1159 2799 pace
1233 2725 1234 2728 ’

381 2797 538 2872 donativi
570 2795 832 2883 neceffitatem‚
866 2794 960 2869 bollo
988 2798 1159 2898 perdidis-

380 2898 465 2985 sent.
489 2898 632 2970 Constat
657 2894 800 2997 potuisse
823 2896 1000 2969 'conciliari
1022 2899 1157 2973 animos

381 2995 693 3100 quantulicumque
721 2996 815 3113 parci
838 2994 926 3071 senis
943 2996 1158 3074 liberalitate.

382 3098 511 3177 Nocuir
521 3098 682 3197 antiquus
704 3124 820 3199 rigor,
849 3106 887 3172 &
900 3097 1010 3173 nimia
1032 3097 1158 3175 severi·

385 3226 434 3279 tas
449 3228 461 3296 3
487 3198 541 3273 cui
554 3206 625 3297 jam
640 3224 734 3300 pares
747 3226 819 3271 non
833 3195 957 3273 sumus.
1013 3256 1018 3265 .

437 3300 538 3376 XIX.
560 3302 648 3373 Iuor
669 3299 760 3399 apud
776 3297 931 3373 senarum
951 3324 1022 3367 non
1034 3322 1152 3400 comp

271 3453 273 3461 ·
376 3404 454 3481 'rior
477 3399 619 3488 Galbae,
638 3425 709 3470 non
733 3398 869 3497 longior
893 3452 904 3484 ,
936 3395 1041 3508 qudnr
1063 3397 1155 3509 efud

378 3504 559 3592 militem,
584 3498 719 3575 sermo:
733 3496 859 3570 Pisonis
879 3521 987 3567 conns
1009 3520 1151 3571 orario:

389 3614 426 3683 δι
437 3630 572 3708 parturn
584 3598 679 3677 favor
691 3598 825 3675 aderat:
840 3595 942 3671 multi
957 3593 1154 3692 voluntate3
