<?xml version="1.0" encoding="UTF-8"?>
<!DOCTYPE html PUBLIC "-//W3C//DTD XHTML 1.0 Transitional//EN"
    "http://www.w3.org/TR/xhtml1/DTD/xhtml1-transitional.dtd">
<html xmlns="http://www.w3.org/1999/xhtml" xml:lang="en" lang="en">
 <head>
  <title>
</title>
<meta http-equiv="Content-Type" content="text/html;charset=utf-8" />
  <meta name='ocr-system' content='tesseract 3.04.00' />
  <meta name='ocr-capabilities' content='ocr_page ocr_carea ocr_par ocr_line ocrx_word'/>
</head>
<body>
  <div class='ocr_page' id='page_1' title='image "./operasupplement02tacigoog_0077.png"; bbox 0 0 2792 4742; ppageno 0'>
   <div class='ocr_carea' id='block_1_1' title="bbox 341 631 1019 735">
    <p class='ocr_par' dir='ltr' id='par_1_1' title="bbox 341 631 1019 735">
     <span class='ocr_line' id='line_1_1' title="bbox 341 631 1019 735; baseline 0.007 -28"><span class='ocrx_word' id='word_1_1' title='bbox 341 631 911 735; x_wconf 73' lang='lat' dir='ltr'>ursrourauurrlra.l.</span> <span class='ocrx_word' id='word_1_2' title='bbox 974 668 1019 731; x_wconf 73' lang='lat'>71</span> 
     </span>
    </p>
   </div>
   <div class='ocr_carea' id='block_1_2' title="bbox 237 750 1155 3557">
    <p class='ocr_par' dir='ltr' id='par_1_2' title="bbox 237 750 1155 3557">
     <span class='ocr_line' id='line_1_2' title="bbox 238 750 1155 843; baseline 0.007 -12"><span class='ocrx_word' id='word_1_3' title='bbox 238 774 391 831; x_wconf 84' lang='lat' dir='ltr'>moratus</span> <span class='ocrx_word' id='word_1_4' title='bbox 420 753 533 843; x_wconf 87' lang='lat' dir='ltr'>dies,</span> <span class='ocrx_word' id='word_1_5' title='bbox 569 751 655 827; x_wconf 88' lang='lat' dir='ltr'>dum</span> <span class='ocrx_word' id='word_1_6' title='bbox 681 750 853 827; x_wconf 77' lang='lat' dir='ltr'>sententia</span> <span class='ocrx_word' id='word_1_7' title='bbox 881 757 1023 834; x_wconf 89' lang='lat' dir='ltr'>Vitellii</span> <span class='ocrx_word' id='word_1_8' title='bbox 1038 784 1155 837; x_wconf 54' lang='grc' dir='ltr'>Ξ</span> 
     </span>
     <span class='ocr_line' id='line_1_3' title="bbox 241 849 1154 958; baseline 0.009 -32"><span class='ocrx_word' id='word_1_9' title='bbox 241 854 367 935; x_wconf 78' lang='lat' dir='ltr'>certior</span> <span class='ocrx_word' id='word_1_10' title='bbox 391 853 514 944; x_wconf 85' lang='lat' dir='ltr'>fieret,</span> <span class='ocrx_word' id='word_1_11' title='bbox 546 852 646 929; x_wconf 83' lang='lat' dir='ltr'>simul</span> <span class='ocrx_word' id='word_1_12' title='bbox 676 853 851 929; x_wconf 79' lang='lat' dir='ltr'>transitum</span> <span class='ocrx_word' id='word_1_13' title='bbox 874 858 1023 958; x_wconf 84' lang='lat' dir='ltr'>Alpium</span> <span class='ocrx_word' id='word_1_14' title='bbox 1036 849 1154 907; x_wconf 56' lang='grc' dir='ltr'>ΑΜ·</span> 
     </span>
     <span class='ocr_line' id='line_1_4' title="bbox 240 939 1135 1057; baseline 0.01 -31"><span class='ocrx_word' id='word_1_15' title='bbox 240 981 391 1057; x_wconf 86' lang='lat' dir='ltr'>parans,</span> <span class='ocrx_word' id='word_1_16' title='bbox 414 954 529 1027; x_wconf 86' lang='lat' dir='ltr'>laerum</span> <span class='ocrx_word' id='word_1_17' title='bbox 550 982 591 1029; x_wconf 81' lang='lat' dir='ltr'>ex</span> <span class='ocrx_word' id='word_1_18' title='bbox 619 956 717 1029; x_wconf 73' lang='lat' dir='ltr'>ltaliai</span> <span class='ocrx_word' id='word_1_19' title='bbox 741 958 904 1033; x_wconf 85' lang='lat' dir='ltr'>nuntium</span> <span class='ocrx_word' id='word_1_20' title='bbox 931 962 1024 1036; x_wconf 83' lang='lat' dir='ltr'>acci·</span> <span class='ocrx_word' id='word_1_21' title='bbox 1047 939 1135 996; x_wconf 75' lang='lat'>‘⁸²²⁸</span> 
     </span>
     <span class='ocr_line' id='line_1_5' title="bbox 237 1032 1139 1178; baseline 0.011 -51"><span class='ocrx_word' id='word_1_22' title='bbox 237 1056 291 1155; x_wconf 87' lang='lat' dir='ltr'>pit</span> <span class='ocrx_word' id='word_1_23' title='bbox 310 1112 321 1145; x_wconf 92' lang='lat'>,</span> <span class='ocrx_word' id='word_1_24' title='bbox 338 1054 460 1128; x_wconf 70' lang='lat' dir='ltr'>calam</span> <span class='ocrx_word' id='word_1_25' title='bbox 479 1055 650 1153; x_wconf 79' lang='lat' dir='ltr'>Syllanam</span> <span class='ocrx_word' id='word_1_26' title='bbox 665 1058 755 1131; x_wconf 85' lang='lat' dir='ltr'>circa</span> <span class='ocrx_word' id='word_1_27' title='bbox 770 1059 903 1131; x_wconf 82' lang='lat' dir='ltr'>Padum</span> <span class='ocrx_word' id='word_1_28' title='bbox 916 1089 938 1133; x_wconf 87' lang='lat' dir='ltr'>a</span> <span class='ocrx_word' id='word_1_29' title='bbox 961 1090 1023 1137; x_wconf 88' lang='lat' dir='ltr'>en·</span> <span class='ocrx_word' id='word_1_30' title='bbox 1057 1032 1139 1178; x_wconf 43' lang='grc' dir='ltr'>’ἐξ</span> 
     </span>
     <span class='ocr_line' id='line_1_6' title="bbox 239 1148 1123 1243; baseline 0.003 -16"><span class='ocrx_word' id='word_1_31' title='bbox 239 1180 371 1243; x_wconf 69' lang='lat' dir='ltr'>arem,</span> <span class='ocrx_word' id='word_1_32' title='bbox 408 1154 620 1231; x_wconf 87' lang='lat' dir='ltr'>sacramento</span> <span class='ocrx_word' id='word_1_33' title='bbox 643 1156 785 1233; x_wconf 91' lang='lat' dir='ltr'>Vitellii</span> <span class='ocrx_word' id='word_1_34' title='bbox 807 1187 886 1235; x_wconf 89' lang='lat' dir='ltr'>acce</span> <span class='ocrx_word' id='word_1_35' title='bbox 950 1190 1022 1239; x_wconf 67' lang='lat' dir='ltr'>e».</span> <span class='ocrx_word' id='word_1_36' title='bbox 1098 1148 1123 1183; x_wconf 77' lang='lat'>&#39;⁰</span> 
     </span>
     <span class='ocr_line' id='line_1_7' title="bbox 239 1254 1022 1356; baseline 0.01 -29"><span class='ocrx_word' id='word_1_37' title='bbox 239 1254 482 1331; x_wconf 74' lang='lat' dir='ltr'>proconsulem</span> <span class='ocrx_word' id='word_1_38' title='bbox 500 1258 689 1333; x_wconf 89' lang='lat' dir='ltr'>Vitellium</span> <span class='ocrx_word' id='word_1_39' title='bbox 704 1258 831 1356; x_wconf 82' lang='lat' dir='ltr'>Syllani</span> <span class='ocrx_word' id='word_1_40' title='bbox 853 1261 889 1332; x_wconf 91' lang='lat' dir='ltr'>in</span> <span class='ocrx_word' id='word_1_41' title='bbox 902 1260 1022 1335; x_wconf 68' lang='lat' dir='ltr'>Africa</span> 
     </span>
     <span class='ocr_line' id='line_1_8' title="bbox 239 1356 1024 1464; baseline 0.008 -37"><span class='ocrx_word' id='word_1_42' title='bbox 239 1356 429 1431; x_wconf 83' lang='lat' dir='ltr'>habuerant</span> <span class='ocrx_word' id='word_1_43' title='bbox 446 1388 454 1431; x_wconf 77' lang='grc' dir='ltr'>ι</span> <span class='ocrx_word' id='word_1_44' title='bbox 468 1386 551 1431; x_wconf 87' lang='lat' dir='ltr'>mox</span> <span class='ocrx_word' id='word_1_45' title='bbox 568 1387 588 1431; x_wconf 88' lang='lat' dir='ltr'>a</span> <span class='ocrx_word' id='word_1_46' title='bbox 605 1360 771 1449; x_wconf 90' lang='lat' dir='ltr'>Nerone,</span> <span class='ocrx_word' id='word_1_47' title='bbox 793 1385 831 1433; x_wconf 94' lang='lat' dir='ltr'>ut</span> <span class='ocrx_word' id='word_1_48' title='bbox 845 1361 882 1440; x_wconf 89' lang='lat' dir='ltr'>in</span> <span class='ocrx_word' id='word_1_49' title='bbox 896 1366 1024 1464; x_wconf 52' lang='lat' dir='ltr'>AEgyp*</span> 
     </span>
     <span class='ocr_line' id='line_1_9' title="bbox 239 1460 1024 1559; baseline 0.009 -30"><span class='ocrx_word' id='word_1_50' title='bbox 239 1480 315 1529; x_wconf 91' lang='lat' dir='ltr'>tum</span> <span class='ocrx_word' id='word_1_51' title='bbox 331 1460 643 1559; x_wconf 66' lang='lat' dir='ltr'>praemitterentur,</span> <span class='ocrx_word' id='word_1_52' title='bbox 674 1461 798 1549; x_wconf 88' lang='lat' dir='ltr'>exciti,</span> <span class='ocrx_word' id='word_1_53' title='bbox 822 1471 858 1535; x_wconf 87' lang='lat'>&amp;</span> <span class='ocrx_word' id='word_1_54' title='bbox 877 1462 924 1535; x_wconf 92' lang='lat' dir='ltr'>ob</span> <span class='ocrx_word' id='word_1_55' title='bbox 950 1462 1024 1558; x_wconf 80' lang='lat' dir='ltr'>bel-</span> 
     </span>
     <span class='ocr_line' id='line_1_10' title="bbox 241 1555 1024 1649; baseline 0.013 -20"><span class='ocrx_word' id='word_1_56' title='bbox 241 1555 315 1629; x_wconf 90' lang='lat' dir='ltr'>lum</span> <span class='ocrx_word' id='word_1_57' title='bbox 340 1558 499 1633; x_wconf 86' lang='lat' dir='ltr'>Vindicis</span> <span class='ocrx_word' id='word_1_58' title='bbox 517 1561 693 1649; x_wconf 87' lang='lat' dir='ltr'>revocari,</span> <span class='ocrx_word' id='word_1_59' title='bbox 719 1588 758 1634; x_wconf 88' lang='lat' dir='ltr'>ac</span> <span class='ocrx_word' id='word_1_60' title='bbox 775 1586 852 1634; x_wconf 87' lang='lat' dir='ltr'>tum</span> <span class='ocrx_word' id='word_1_61' title='bbox 869 1563 907 1635; x_wconf 90' lang='lat' dir='ltr'>in</span> <span class='ocrx_word' id='word_1_62' title='bbox 924 1563 1024 1639; x_wconf 69' lang='lat' dir='ltr'>ltalia</span> 
     </span>
     <span class='ocr_line' id='line_1_11' title="bbox 239 1660 1024 1764; baseline 0.01 -35"><span class='ocrx_word' id='word_1_63' title='bbox 239 1684 444 1749; x_wconf 88' lang='lat' dir='ltr'>manentes,</span> <span class='ocrx_word' id='word_1_64' title='bbox 473 1661 636 1735; x_wconf 66' lang='lat' dir='ltr'>instineru</span> <span class='ocrx_word' id='word_1_65' title='bbox 668 1660 923 1752; x_wconf 88' lang='lat' dir='ltr'>decurionum,</span> <span class='ocrx_word' id='word_1_66' title='bbox 960 1665 1024 1764; x_wconf 93' lang='lat' dir='ltr'>qui</span> 
     </span>
     <span class='ocr_line' id='line_1_12' title="bbox 241 1759 1025 1859; baseline 0.011 -29"><span class='ocrx_word' id='word_1_67' title='bbox 241 1759 394 1833; x_wconf 90' lang='lat' dir='ltr'>Othonis</span> <span class='ocrx_word' id='word_1_68' title='bbox 407 1762 522 1859; x_wconf 84' lang='lat' dir='ltr'>ignari</span> <span class='ocrx_word' id='word_1_69' title='bbox 536 1818 547 1849; x_wconf 93' lang='lat'>,</span> <span class='ocrx_word' id='word_1_70' title='bbox 566 1760 718 1835; x_wconf 89' lang='lat' dir='ltr'>Vitellio</span> <span class='ocrx_word' id='word_1_71' title='bbox 731 1762 906 1850; x_wconf 73' lang='lat' dir='ltr'>obsttiui,</span> <span class='ocrx_word' id='word_1_72' title='bbox 920 1765 1025 1839; x_wconf 89' lang='lat' dir='ltr'>robur</span> 
     </span>
     <span class='ocr_line' id='line_1_13' title="bbox 239 1856 1028 1955; baseline 0.004 -24"><span class='ocrx_word' id='word_1_73' title='bbox 239 1858 508 1943; x_wconf 79' lang='lat' dir='ltr'>adventantium</span> <span class='ocrx_word' id='word_1_74' title='bbox 529 1858 712 1955; x_wconf 83' lang='lat' dir='ltr'>legionum</span> <span class='ocrx_word' id='word_1_75' title='bbox 738 1856 925 1931; x_wconf 85' lang='lat' dir='ltr'>&amp;famam</span> <span class='ocrx_word' id='word_1_76' title='bbox 938 1865 1028 1934; x_wconf 90' lang='lat' dir='ltr'>Ger-</span> 
     </span>
     <span class='ocr_line' id='line_1_14' title="bbox 237 1954 1032 2045; baseline -0.003 -10"><span class='ocrx_word' id='word_1_77' title='bbox 237 1959 372 2035; x_wconf 78' lang='lat' dir='ltr'>manici</span> <span class='ocrx_word' id='word_1_78' title='bbox 386 1956 557 2033; x_wconf 76' lang='lat' dir='ltr'>exercitiis</span> <span class='ocrx_word' id='word_1_79' title='bbox 576 1954 803 2045; x_wconf 84' lang='lat' dir='ltr'>attollebant,</span> <span class='ocrx_word' id='word_1_80' title='bbox 818 1956 977 2032; x_wconf 77' lang='lat' dir='ltr'>transiere</span> <span class='ocrx_word' id='word_1_81' title='bbox 994 1960 1032 2033; x_wconf 90' lang='lat' dir='ltr'>iu</span> 
     </span>
     <span class='ocr_line' id='line_1_15' title="bbox 237 2055 1033 2159; baseline 0.003 -28"><span class='ocrx_word' id='word_1_82' title='bbox 237 2084 351 2159; x_wconf 80' lang='lat' dir='ltr'>partes</span> <span class='ocrx_word' id='word_1_83' title='bbox 376 2088 385 2129; x_wconf 92' lang='lat'><strong>:</strong></span> <span class='ocrx_word' id='word_1_84' title='bbox 405 2068 443 2133; x_wconf 73' lang='grc' dir='ltr'>δι</span> <span class='ocrx_word' id='word_1_85' title='bbox 465 2084 504 2131; x_wconf 89' lang='lat' dir='ltr'>ur</span> <span class='ocrx_word' id='word_1_86' title='bbox 520 2056 654 2129; x_wconf 90' lang='lat' dir='ltr'>donum</span> <span class='ocrx_word' id='word_1_87' title='bbox 669 2055 811 2157; x_wconf 83' lang='lat' dir='ltr'>aliquod</span> <span class='ocrx_word' id='word_1_88' title='bbox 825 2086 919 2131; x_wconf 88' lang='lat' dir='ltr'>novo</span> <span class='ocrx_word' id='word_1_89' title='bbox 931 2059 1033 2133; x_wconf 86' lang='lat' dir='ltr'>Prin-</span> 
     </span>
     <span class='ocr_line' id='line_1_16' title="bbox 240 2152 1031 2259; baseline 0.005 -28"><span class='ocrx_word' id='word_1_90' title='bbox 240 2160 340 2259; x_wconf 91' lang='lat' dir='ltr'>cipi,</span> <span class='ocrx_word' id='word_1_91' title='bbox 377 2152 570 2231; x_wconf 85' lang='lat' dir='ltr'>firmissima</span> <span class='ocrx_word' id='word_1_92' title='bbox 596 2156 848 2259; x_wconf 70' lang='lat' dir='ltr'>Trmspadmae</span> <span class='ocrx_word' id='word_1_93' title='bbox 878 2160 1031 2259; x_wconf 77' lang='lat' dir='ltr'>regionis</span> 
     </span>
     <span class='ocr_line' id='line_1_17' title="bbox 240 2257 1032 2359; baseline 0.001 -29"><span class='ocrx_word' id='word_1_94' title='bbox 240 2258 456 2359; x_wconf 89' lang='lat' dir='ltr'>municipia,</span> <span class='ocrx_word' id='word_1_95' title='bbox 476 2257 750 2345; x_wconf 81' lang='lat' dir='ltr'>Mediolanum,</span> <span class='ocrx_word' id='word_1_96' title='bbox 765 2286 804 2331; x_wconf 86' lang='lat' dir='ltr'>ac</span> <span class='ocrx_word' id='word_1_97' title='bbox 821 2260 1032 2349; x_wconf 86' lang='lat' dir='ltr'>Novariam,</span> 
     </span>
     <span class='ocr_line' id='line_1_18' title="bbox 242 2357 1033 2460; baseline 0.003 -27"><span class='ocrx_word' id='word_1_98' title='bbox 242 2368 277 2433; x_wconf 72' lang='grc' dir='ltr'>δι</span> <span class='ocrx_word' id='word_1_99' title='bbox 300 2358 536 2460; x_wconf 85' lang='lat' dir='ltr'>Eporediam,</span> <span class='ocrx_word' id='word_1_100' title='bbox 555 2386 594 2431; x_wconf 90' lang='lat' dir='ltr'>ac</span> <span class='ocrx_word' id='word_1_101' title='bbox 619 2357 820 2446; x_wconf 83' lang='lat' dir='ltr'>Vercellas,</span> <span class='ocrx_word' id='word_1_102' title='bbox 834 2357 1033 2457; x_wconf 84' lang='lat' dir='ltr'>adjunxere.</span> 
     </span>
     <span class='ocr_line' id='line_1_19' title="bbox 242 2457 1032 2571; baseline 0.005 -40"><span class='ocrx_word' id='word_1_103' title='bbox 242 2458 285 2544; x_wconf 84' lang='lat' dir='ltr'>ld</span> <span class='ocrx_word' id='word_1_104' title='bbox 298 2460 448 2533; x_wconf 82' lang='lat' dir='ltr'>Caecinae</span> <span class='ocrx_word' id='word_1_105' title='bbox 470 2457 630 2571; x_wconf 81' lang='lat' dir='ltr'>periples</span> <span class='ocrx_word' id='word_1_106' title='bbox 644 2482 877 2557; x_wconf 88' lang='lat' dir='ltr'>compertum.</span> <span class='ocrx_word' id='word_1_107' title='bbox 890 2461 934 2533; x_wconf 87' lang='lat' dir='ltr'>Et</span> <span class='ocrx_word' id='word_1_108' title='bbox 949 2460 1032 2557; x_wconf 83' lang='lat' dir='ltr'>quia</span> 
     </span>
     <span class='ocr_line' id='line_1_20' title="bbox 240 2556 1031 2661; baseline 0.003 -30"><span class='ocrx_word' id='word_1_109' title='bbox 240 2556 401 2661; x_wconf 78' lang='lat' dir='ltr'>praesidio</span> <span class='ocrx_word' id='word_1_110' title='bbox 430 2556 489 2629; x_wconf 82' lang='lat' dir='ltr'>alae</span> <span class='ocrx_word' id='word_1_111' title='bbox 516 2584 616 2629; x_wconf 89' lang='lat' dir='ltr'>umus</span> <span class='ocrx_word' id='word_1_112' title='bbox 648 2557 804 2629; x_wconf 85' lang='lat' dir='ltr'>la&#39;tiffima</span> <span class='ocrx_word' id='word_1_113' title='bbox 828 2585 904 2657; x_wconf 86' lang='lat' dir='ltr'>pars</span> <span class='ocrx_word' id='word_1_114' title='bbox 927 2559 1031 2633; x_wconf 82' lang='lat' dir='ltr'>ltaliae</span> 
     </span>
     <span class='ocr_line' id='line_1_21' title="bbox 243 2655 1034 2755; baseline -0.006 -23"><span class='ocrx_word' id='word_1_115' title='bbox 243 2655 395 2733; x_wconf 88' lang='lat' dir='ltr'>defendi</span> <span class='ocrx_word' id='word_1_116' title='bbox 418 2656 610 2754; x_wconf 90' lang='lat' dir='ltr'>nequibat,</span> <span class='ocrx_word' id='word_1_117' title='bbox 635 2655 807 2755; x_wconf 79' lang='lat' dir='ltr'>pramiffis</span> <span class='ocrx_word' id='word_1_118' title='bbox 825 2655 1034 2747; x_wconf 87' lang='lat' dir='ltr'>Gallorum,</span> 
     </span>
     <span class='ocr_line' id='line_1_22' title="bbox 244 2755 1033 2871; baseline 0 -40"><span class='ocrx_word' id='word_1_119' title='bbox 244 2755 518 2845; x_wconf 82' lang='lat' dir='ltr'>Lusitanorum,</span> <span class='ocrx_word' id='word_1_120' title='bbox 539 2756 856 2871; x_wconf 71' lang='lat' dir='ltr'>britannorumque</span> <span class='ocrx_word' id='word_1_121' title='bbox 881 2755 1033 2831; x_wconf 85' lang='lat' dir='ltr'>cohorti-</span> 
     </span>
     <span class='ocr_line' id='line_1_23' title="bbox 246 2854 1030 2946; baseline 0.001 -15"><span class='ocrx_word' id='word_1_122' title='bbox 246 2858 336 2946; x_wconf 89' lang='lat' dir='ltr'>bus,</span> <span class='ocrx_word' id='word_1_123' title='bbox 363 2868 399 2930; x_wconf 88' lang='lat'>&amp;</span> <span class='ocrx_word' id='word_1_124' title='bbox 421 2860 679 2929; x_wconf 89' lang='lat' dir='ltr'>Germanorum</span> <span class='ocrx_word' id='word_1_125' title='bbox 694 2854 852 2944; x_wconf 80' lang='lat' dir='ltr'>vexillis,</span> <span class='ocrx_word' id='word_1_126' title='bbox 874 2884 957 2931; x_wconf 90' lang='lat' dir='ltr'>cum</span> <span class='ocrx_word' id='word_1_127' title='bbox 976 2857 1030 2933; x_wconf 62' lang='lat' dir='ltr'>ala</span> 
     </span>
     <span class='ocr_line' id='line_1_24' title="bbox 246 2954 1032 3058; baseline -0.003 -23"><span class='ocrx_word' id='word_1_128' title='bbox 246 2956 383 3035; x_wconf 73' lang='lat' dir='ltr'>Petrind</span> <span class='ocrx_word' id='word_1_129' title='bbox 397 3014 408 3047; x_wconf 91' lang='lat'>,</span> <span class='ocrx_word' id='word_1_130' title='bbox 423 2954 495 3058; x_wconf 90' lang='lat' dir='ltr'>ipse</span> <span class='ocrx_word' id='word_1_131' title='bbox 513 2955 706 3058; x_wconf 84' lang='lat' dir='ltr'>paullulum</span> <span class='ocrx_word' id='word_1_132' title='bbox 725 2960 903 3029; x_wconf 68' lang='lat' dir='ltr'>cunstatus</span> <span class='ocrx_word' id='word_1_133' title='bbox 916 3014 928 3045; x_wconf 92' lang='lat'>,</span> <span class='ocrx_word' id='word_1_134' title='bbox 943 2986 1032 3033; x_wconf 85' lang='lat' dir='ltr'>num</span> 
     </span>
     <span class='ocr_line' id='line_1_25' title="bbox 249 3054 1032 3156; baseline 0 -24"><span class='ocrx_word' id='word_1_135' title='bbox 249 3058 383 3133; x_wconf 74' lang='lat' dir='ltr'>Raeticis</span> <span class='ocrx_word' id='word_1_136' title='bbox 410 3057 500 3156; x_wconf 85' lang='lat' dir='ltr'>jugis</span> <span class='ocrx_word' id='word_1_137' title='bbox 524 3058 562 3129; x_wconf 93' lang='lat' dir='ltr'>in</span> <span class='ocrx_word' id='word_1_138' title='bbox 580 3056 749 3129; x_wconf 88' lang='lat' dir='ltr'>Noricum</span> <span class='ocrx_word' id='word_1_139' title='bbox 773 3054 951 3145; x_wconf 69' lang='lat' dir='ltr'>flestetet,</span> <span class='ocrx_word' id='word_1_140' title='bbox 971 3058 1032 3132; x_wconf 82' lang='lat' dir='ltr'>ad-</span> 
     </span>
     <span class='ocr_line' id='line_1_26' title="bbox 249 3154 1033 3256; baseline -0.009 -25"><span class='ocrx_word' id='word_1_141' title='bbox 249 3156 364 3236; x_wconf 75' lang='lat' dir='ltr'>versius</span> <span class='ocrx_word' id='word_1_142' title='bbox 386 3156 594 3231; x_wconf 90' lang='lat' dir='ltr'>Petronium</span> <span class='ocrx_word' id='word_1_143' title='bbox 611 3154 663 3227; x_wconf 88' lang='lat' dir='ltr'>ibi</span> <span class='ocrx_word' id='word_1_144' title='bbox 681 3178 957 3255; x_wconf 88' lang='lat' dir='ltr'>procuratorem,</span> <span class='ocrx_word' id='word_1_145' title='bbox 970 3159 1033 3256; x_wconf 88' lang='lat' dir='ltr'>qui</span> 
     </span>
     <span class='ocr_line' id='line_1_27' title="bbox 252 3252 1035 3352; baseline -0.004 -21"><span class='ocrx_word' id='word_1_146' title='bbox 252 3258 393 3333; x_wconf 87' lang='lat' dir='ltr'>concitis</span> <span class='ocrx_word' id='word_1_147' title='bbox 407 3256 566 3345; x_wconf 82' lang='lat' dir='ltr'>auxiliis,</span> <span class='ocrx_word' id='word_1_148' title='bbox 580 3265 617 3331; x_wconf 77' lang='grc' dir='ltr'>δι</span> <span class='ocrx_word' id='word_1_149' title='bbox 639 3252 836 3352; x_wconf 89' lang='lat' dir='ltr'>interruptis</span> <span class='ocrx_word' id='word_1_150' title='bbox 850 3252 1035 3328; x_wconf 87' lang='lat' dir='ltr'>fluminum</span> 
     </span>
     <span class='ocr_line' id='line_1_28' title="bbox 252 3353 1038 3459; baseline -0.017 -23"><span class='ocrx_word' id='word_1_151' title='bbox 252 3360 440 3459; x_wconf 76' lang='lat' dir='ltr'>pontibus,</span> <span class='ocrx_word' id='word_1_152' title='bbox 469 3356 558 3431; x_wconf 88' lang='lat' dir='ltr'>fidus</span> <span class='ocrx_word' id='word_1_153' title='bbox 588 3354 725 3431; x_wconf 92' lang='lat' dir='ltr'>Othoni</span> <span class='ocrx_word' id='word_1_154' title='bbox 749 3353 944 3457; x_wconf 84' lang='lat' dir='ltr'>putabatur.</span> <span class='ocrx_word' id='word_1_155' title='bbox 967 3354 1038 3425; x_wconf 84' lang='lat' dir='ltr'>Sed</span> 
     </span>
     <span class='ocr_line' id='line_1_29' title="bbox 253 3452 1038 3557; baseline -0.01 -28"><span class='ocrx_word' id='word_1_156' title='bbox 253 3483 380 3545; x_wconf 91' lang='lat' dir='ltr'>meru,</span> <span class='ocrx_word' id='word_1_157' title='bbox 409 3485 452 3530; x_wconf 88' lang='lat' dir='ltr'>ne</span> <span class='ocrx_word' id='word_1_158' title='bbox 479 3458 654 3531; x_wconf 89' lang='lat' dir='ltr'>amitteret</span> <span class='ocrx_word' id='word_1_159' title='bbox 678 3452 862 3557; x_wconf 77' lang='lat' dir='ltr'>praemissas</span> <span class='ocrx_word' id='word_1_160' title='bbox 881 3461 954 3546; x_wconf 83' lang='lat' dir='ltr'>jam</span> <span class='ocrx_word' id='word_1_161' title='bbox 977 3476 1038 3521; x_wconf 51' lang='lat' dir='ltr'>coa</span> 
     </span>
    </p>
   </div>
   <div class='ocr_carea' id='block_1_3' title="bbox 251 3546 1039 3667">
    <p class='ocr_par' dir='ltr' id='par_1_3' title="bbox 251 3546 1039 3667">
     <span class='ocr_line' id='line_1_30' title="bbox 251 3546 1039 3667; baseline -0.018 -37"><span class='ocrx_word' id='word_1_162' title='bbox 251 3558 375 3639; x_wconf 80' lang='lat' dir='ltr'>horres</span> <span class='ocrx_word' id='word_1_163' title='bbox 395 3556 548 3657; x_wconf 68' lang='lat' dir='ltr'>alasque,</span> <span class='ocrx_word' id='word_1_164' title='bbox 569 3554 669 3627; x_wconf 78' lang='lat' dir='ltr'>simul</span> <span class='ocrx_word' id='word_1_165' title='bbox 687 3577 850 3654; x_wconf 83' lang='lat' dir='ltr'>reputans</span> <span class='ocrx_word' id='word_1_166' title='bbox 873 3547 949 3649; x_wconf 89' lang='lat' dir='ltr'>plus</span> <span class='ocrx_word' id='word_1_167' title='bbox 961 3546 1039 3667; x_wconf 58' lang='lat' dir='ltr'>gl⁰f</span> 
     </span>
    </p>
   </div>
   <div class='ocr_carea' id='block_1_4' title="bbox 0 0 1405 4742">
    <p class='ocr_par' dir='ltr' id='par_1_4' title="bbox 0 0 1405 4742">
     <span class='ocr_line' id='line_1_31' title="bbox 0 0 1405 4742; baseline 0 0"><span class='ocrx_word' id='word_1_168' title='bbox 0 0 1405 4742; x_wconf 95' lang='lat' dir='ltr'> </span> 
     </span>
    </p>
   </div>
  </div>
 </body>
</html>
