2792 4742
380 689 709 742 ursnonrnnum
745 665 892 739 Nona.
957 683 1034 762 '409

181 838 183 842 .
305 783 334 850 It
343 785 405 848 dem
417 784 548 847 bibernis.
558 785 756 868 Mogontiaci,
775 783 923 867 Mnyence.

336 885 366 926 ut
374 864 512 949 firggestu.
533 863 726 925 Exstruebatur
738 868 815 925 enim
839 867 976 940 tribunal,
999 886 1035 930 ex

266 965 326 1029 quo
350 947 409 1006 dux
433 947 586 1026 austorque
605 945 764 1004 rebellionis
794 943 931 1007 seditiosos
952 944 1038 1010 adlo-⁴

269 1025 424 1108 quebarur,
445 1044 475 1084 ut
489 1024 606 1085 vidimus
621 1024 702 1105 supti
715 1027 821 1086 Annal.
833 1026 864 1099 I,
879 1032 923 1086 18.

311 1103 366 1166 Cui
377 1106 567 1178 imputaretur.
578 1103 682 1186 Neque
692 1108 769 1166 enim
779 1123 836 1165 erat
847 1109 877 1168 in
891 1106 1040 1170 coturnus«.

273 1187 383 1268 tu,qui
391 1184 490 1244 ducem
499 1181 526 1244 se
536 1184 692 1246 ostentaret.

270 1419 273 1424 ,
314 1340 672 1405 erameniorum
695 1341 931 1424 Agrippinensem.
954 1346 1042 1406 Nunc

271 1415 407 1503 Cologme.
429 1422 504 1486 Vide
526 1425 668 1504 originem
688 1425 806 1486 coloniae
832 1422 913 1508 superi
934 1427 1043 1486 Annas.

274 1497 352 1577 XII,
373 1524 420 1573 27.

316 1660 406 1722 Cur.
422 1659 516 1726 LVII.
536 1659 663 1722 Hiberna
680 1677 772 1721 erunt.
786 1659 859 1738 Quae
876 1662 1047 1724 erantBon-¹

278 1761 342 1815 nae,
362 1762 437 1800 nunc
456 1741 547 1802 Bonn.
730 1809 733 1815 ¹

319 1819 388 1880 Non
410 1838 497 1894 penes
516 1815 722 1893 rempublicam.
757 1817 845 1878 Unde
869 1817 1051 1902 cognosceres

280 1901 432 1960 exercituin
454 1898 561 1970 illum,
582 1897 632 1977 'qui
655 1897 748 1974 priore
770 1896 883 1971 biduo,
917 1899 1052 1978 projeslis

281 1976 383 2039 Galbae
398 1976 587 2059 imaginibus,
606 1977 637 2035 in
652 1973 758 2034 senatuis
774 1983 802 2033 &
816 1977 915 2056 populi
929 1978 1054 2038 Romani

283 2056 369 2119 verba
387 2058 544 2134 juraverat,
566 2076 627 2114 non
637 2075 725 2134 penes
743 2056 943 2138 rempublicam
955 2053 1032 2116 suiffe
1044 2079 1061 2132 ς

281 2138 384 2210 idest,
408 2158 467 2196 non
488 2136 516 2196 iel
537 2132 621 2217 egisse
640 2134 798 2215 reipublicae
818 2135 906 2198 studio
925 2183 933 2212 ,
950 2134 996 2196 sed
1016 2136 1056 2194 ob
1112 2129 1119 2140 ”

283 2215 407 2285 aversam
429 2237 446 2275 a
458 2214 550 2276 Galba
562 2215 742 2274 uoluntatem.

324 2295 374 2357 Ex
386 2293 520 2376 affluenti.
530 2294 563 2355 Id
576 2296 615 2354 est
624 2339 633 2368 ,
642 2294 795 2354 affluenter.
806 2292 921 2376 Nempe
939 2298 969 2354 in
982 2309 1060 2375 pre-1

284 2376 347 2441 scus
359 2376 454 2436 divites
467 2421 474 2447 ,
493 2382 521 2434 &
531 2396 565 2434 ex
575 2374 654 2455 parti
664 2374 780 2434 victorin
789 2394 892 2456 magna
902 2373 1062 2455 sperabant.¹

327 2456 358 2519 V
356 2455 443 2516 iuticu
444 2455 499 2532 fita
513 2453 545 2514 su
560 2453 674 2514 balteos.
683 2453 826 2515 Viaticum
838 2456 876 2513 est
887 2458 1006 2534 pecunia
1020 2454 1061 2513 ati

287 2534 411 2615 sumptus
429 2537 499 2608 viae,
516 2552 631 2611 utpatet
651 2532 745 2606 engl
767 2535 849 2604 iano,
868 2533 977 2613 DIgest.
994 2535 1059 2591 libr.

289 2613 358 2674 XII.
385 2613 445 2672 Tit.
474 2632 499 2669 r.
521 2611 556 2669 de
578 2609 670 2670 Rebus
689 2555 816 2682 cretiitis,
837 2609 894 2690 leg.
915 2631 960 2678 17.
984 2610 1065 2672 Vide·

290 2712 406 2776 quoque
429 2691 595 2750 Suetonium
623 2690 654 2746 in
677 2687 735 2754 Jul.
758 2687 832 2768 Cap.
855 2694 901 2748 68.
925 2689 1063 2766 Balteus,=

291 2773 436 2854 cingulum
448 2788 506 2829 erat
525 2791 541 2830 e
558 2770 635 2829 corio
650 2767 800 2841 bullatum,
815 2787 872 2848 quo
890 2768 924 2826 ab
935 2768 1063 2829 humeris

292 2843 361 2914 enfis
382 2848 603 2928 suspendebatur.
618 2847 763 2922 Phalera,
785 2867 863 2906 erant
876 2846 995 2928 infiguia
1009 2859 1060 2926 'atr

292 2951 405 2993 morum
423 2932 454 2986 in
468 2929 572 2986 virtutis
595 2927 741 3003 praemium
761 2924 892 2983 militibus
913 2925 994 3000 data,
1015 2937 1062 2994 ati

293 3027 381 3096 gento
394 3005 505 3063 decora.

335 3082 479 3149 Auaritia.
492 3080 610 3156 Maioris
619 3079 689 3138 lucri
698 3076 768 3158 sper

338 3241 415 3304 Cnu.
435 3238 544 3301 LVIII.
563 3232 622 3318 Agr
634 3234 733 3317 solita.
745 3235 870 3306 Maximi
889 3237 1010 3303 Claudio
1028 3259 1064 3303 ac

219 3338 221 3345 '
298 3325 417 3387 Nerone
429 3317 613 3399 Principibus.
720 3363 721 3370 ,

343 3399 522 3465 Vucariones.
536 3397 584 3457 De
594 3396 637 3454 Iris
655 3397 844 3456 vacationibus
865 3397 969 3458 dietum
983 3395 1064 3480 suprul

299 3484 461 3622 cagrliriie
481 3568 654 3614 momentum.
679 3551 727 3613 sic
744 3551 779 3610 de
802 3551 952 3631 Curione,
979 3573 1063 3640 quem

302 3663 368 3730 egre
390 3636 415 3698 ie
425 3634 517 3696 laudat
527 3633 676 3710 Lucanus,
692 3629 753 3706 IV,
764 3651 831 3717 212.

405 3737 457 3782 om.
481 3712 542 3783 IV.
956 3705 979 3784 δ
