<?xml version="1.0" encoding="UTF-8"?>
<!DOCTYPE html PUBLIC "-//W3C//DTD XHTML 1.0 Transitional//EN"
    "http://www.w3.org/TR/xhtml1/DTD/xhtml1-transitional.dtd">
<html xmlns="http://www.w3.org/1999/xhtml" xml:lang="en" lang="en">
 <head>
  <title>
</title>
<meta http-equiv="Content-Type" content="text/html;charset=utf-8" />
  <meta name='ocr-system' content='tesseract 3.04.00' />
  <meta name='ocr-capabilities' content='ocr_page ocr_carea ocr_par ocr_line ocrx_word'/>
</head>
<body>
  <div class='ocr_page' id='page_1' title='image "./operasupplement02tacigoog_0253.png"; bbox 0 0 2792 4742; ppageno 0'>
   <div class='ocr_carea' id='block_1_1' title="bbox 403 616 1119 749">
    <p class='ocr_par' dir='ltr' id='par_1_1' title="bbox 403 616 1119 749">
     <span class='ocr_line' id='line_1_1' title="bbox 403 616 1119 749; baseline -0.003 -17"><span class='ocrx_word' id='word_1_1' title='bbox 403 674 738 733; x_wconf 75' lang='lat' dir='ltr'>trrsronranun</span> <span class='ocrx_word' id='word_1_2' title='bbox 765 618 946 729; x_wconf 68' lang='lat' dir='ltr'>mam.</span> <span class='ocrx_word' id='word_1_3' title='bbox 1001 671 1076 749; x_wconf 60' lang='lat'>249*</span> <span class='ocrx_word' id='word_1_4' title='bbox 1118 616 1119 619; x_wconf 4' lang='grc' dir='ltr'><strong>Ἴ</strong></span> 
     </span>
    </p>
   </div>
   <div class='ocr_carea' id='block_1_2' title="bbox 299 776 1204 881">
    <p class='ocr_par' dir='ltr' id='par_1_2' title="bbox 299 776 1204 881">
     <span class='ocr_line' id='line_1_2' title="bbox 299 776 1204 881; baseline 0 -26"><span class='ocrx_word' id='word_1_5' title='bbox 299 777 361 856; x_wconf 82' lang='lat' dir='ltr'>sed</span> <span class='ocrx_word' id='word_1_6' title='bbox 373 804 479 871; x_wconf 88' lang='lat' dir='ltr'>tunc,</span> <span class='ocrx_word' id='word_1_7' title='bbox 498 777 729 881; x_wconf 88' lang='lat' dir='ltr'>superstitione</span> <span class='ocrx_word' id='word_1_8' title='bbox 743 776 917 869; x_wconf 88' lang='lat' dir='ltr'>nominis,</span> <span class='ocrx_word' id='word_1_9' title='bbox 942 788 978 853; x_wconf 74' lang='grc' dir='ltr'>δε</span> <span class='ocrx_word' id='word_1_10' title='bbox 994 781 1075 879; x_wconf 88' lang='lat' dir='ltr'>quia</span> <span class='ocrx_word' id='word_1_11' title='bbox 1087 798 1204 855; x_wconf 52' lang='lat' dir='ltr'>Q</span> 
     </span>
    </p>
   </div>
   <div class='ocr_carea' id='block_1_3' title="bbox 300 869 1206 1005">
    <p class='ocr_par' dir='ltr' id='par_1_3' title="bbox 300 869 1206 1005">
     <span class='ocr_line' id='line_1_3' title="bbox 300 869 1206 1005; baseline -0.032 -49"><span class='ocrx_word' id='word_1_12' title='bbox 300 882 340 955; x_wconf 89' lang='lat' dir='ltr'>in</span> <span class='ocrx_word' id='word_1_13' title='bbox 364 906 461 954; x_wconf 91' lang='lat' dir='ltr'>metu</span> <span class='ocrx_word' id='word_1_14' title='bbox 488 878 624 953; x_wconf 83' lang='lat' dir='ltr'>confilia</span> <span class='ocrx_word' id='word_1_15' title='bbox 649 878 894 982; x_wconf 83' lang='lat' dir='ltr'>prudentium,</span> <span class='ocrx_word' id='word_1_16' title='bbox 923 889 958 955; x_wconf 91' lang='lat'>&amp;</span> <span class='ocrx_word' id='word_1_17' title='bbox 978 880 1073 983; x_wconf 86' lang='lat' dir='ltr'>vulgi</span> <span class='ocrx_word' id='word_1_18' title='bbox 1086 869 1206 1005; x_wconf 42' lang='lat' dir='ltr'>Affic-</span> 
     </span>
    </p>
   </div>
   <div class='ocr_carea' id='block_1_4' title="bbox 301 979 1180 1095">
    <p class='ocr_par' dir='ltr' id='par_1_4' title="bbox 301 979 1180 1095">
     <span class='ocr_line' id='line_1_4' title="bbox 301 979 1180 1095; baseline 0 -40"><span class='ocrx_word' id='word_1_19' title='bbox 301 983 420 1095; x_wconf 81' lang='lat' dir='ltr'>rumor</span> <span class='ocrx_word' id='word_1_20' title='bbox 449 980 542 1081; x_wconf 71' lang='lat' dir='ltr'>jurt&#39;d</span> <span class='ocrx_word' id='word_1_21' title='bbox 572 980 766 1055; x_wconf 82' lang='lat' dir='ltr'>audiuntur.</span> <span class='ocrx_word' id='word_1_22' title='bbox 788 1016 798 1040; x_wconf 86' lang='lat'>-·</span> <span class='ocrx_word' id='word_1_23' title='bbox 811 979 978 1055; x_wconf 73' lang='lat' dir='ltr'>Ceterum</span> <span class='ocrx_word' id='word_1_24' title='bbox 993 1034 1012 1095; x_wconf 30' lang='grc' dir='ltr'>,ο</span> <span class='ocrx_word' id='word_1_25' title='bbox 1033 1007 1073 1055; x_wconf 91' lang='lat' dir='ltr'>ut</span> <span class='ocrx_word' id='word_1_26' title='bbox 1108 1043 1130 1091; x_wconf 40' lang='lat' dir='ltr'>J·</span> <span class='ocrx_word' id='word_1_27' title='bbox 1146 984 1180 1093; x_wconf 58' lang='lat' dir='ltr'>c:</span> 
     </span>
    </p>
   </div>
   <div class='ocr_carea' id='block_1_5' title="bbox 300 1078 1168 1255">
    <p class='ocr_par' dir='ltr' id='par_1_5' title="bbox 300 1078 1168 1255">
     <span class='ocr_line' id='line_1_5' title="bbox 300 1078 1168 1255; baseline 0.002 -100"><span class='ocrx_word' id='word_1_28' title='bbox 300 1107 421 1166; x_wconf 87' lang='lat' dir='ltr'>omma</span> <span class='ocrx_word' id='word_1_29' title='bbox 440 1078 622 1155; x_wconf 84' lang='lat' dir='ltr'><strong>inconsulti</strong></span> <span class='ocrx_word' id='word_1_30' title='bbox 641 1080 788 1183; x_wconf 79' lang='lat' dir='ltr'>impertis</span> <span class='ocrx_word' id='word_1_31' title='bbox 808 1105 939 1255; x_wconf 72' lang='lat' dir='ltr'>crepta,</span> <span class='ocrx_word' id='word_1_32' title='bbox 959 1083 1071 1157; x_wconf 76' lang='lat' dir='ltr'>¹imtrrs</span> <span class='ocrx_word' id='word_1_33' title='bbox 1119 1127 1168 1191; x_wconf 80' lang='lat'>⁶9·</span> 
     </span>
    </p>
   </div>
   <div class='ocr_carea' id='block_1_6' title="bbox 133 1180 1155 3777">
    <p class='ocr_par' dir='ltr' id='par_1_6' title="bbox 300 1180 1155 1775">
     <span class='ocr_line' id='line_1_6' title="bbox 301 1180 1155 1284; baseline 0 -29"><span class='ocrx_word' id='word_1_34' title='bbox 301 1182 439 1271; x_wconf 76' lang='lat' dir='ltr'>vadida,</span> <span class='ocrx_word' id='word_1_35' title='bbox 465 1180 571 1283; x_wconf 86' lang='lat' dir='ltr'>spatio</span> <span class='ocrx_word' id='word_1_36' title='bbox 586 1180 829 1283; x_wconf 86' lang='lat' dir='ltr'>languescunt,</span> <span class='ocrx_word' id='word_1_37' title='bbox 878 1181 959 1254; x_wconf 87' lang='lat' dir='ltr'>ilabi</span> <span class='ocrx_word' id='word_1_38' title='bbox 976 1182 1074 1284; x_wconf 86' lang='lat' dir='ltr'>paul·-</span> <span class='ocrx_word' id='word_1_39' title='bbox 1142 1190 1155 1197; x_wconf 70' lang='grc'><em>”</em></span> 
     </span>
     <span class='ocr_line' id='line_1_7' title="bbox 300 1277 1074 1385; baseline 0 -28"><span class='ocrx_word' id='word_1_40' title='bbox 300 1282 401 1357; x_wconf 87' lang='lat' dir='ltr'>latim</span> <span class='ocrx_word' id='word_1_41' title='bbox 410 1280 597 1372; x_wconf 85' lang='lat' dir='ltr'>senatores,</span> <span class='ocrx_word' id='word_1_42' title='bbox 611 1282 830 1382; x_wconf 84' lang='lat' dir='ltr'>equitesque,</span> <span class='ocrx_word' id='word_1_43' title='bbox 845 1277 959 1385; x_wconf 72' lang='lat' dir='ltr'>primo</span> <span class='ocrx_word' id='word_1_44' title='bbox 969 1311 1074 1357; x_wconf 84' lang='lat' dir='ltr'>cuno-</span> 
     </span>
     <span class='ocr_line' id='line_1_8' title="bbox 301 1380 1074 1484; baseline 0.001 -27"><span class='ocrx_word' id='word_1_45' title='bbox 301 1406 436 1473; x_wconf 86' lang='lat' dir='ltr'>tanter‚</span> <span class='ocrx_word' id='word_1_46' title='bbox 457 1394 493 1457; x_wconf 91' lang='lat'>&amp;</span> <span class='ocrx_word' id='word_1_47' title='bbox 505 1382 565 1455; x_wconf 92' lang='lat' dir='ltr'>ubi</span> <span class='ocrx_word' id='word_1_48' title='bbox 577 1380 645 1484; x_wconf 90' lang='lat' dir='ltr'>ipse</span> <span class='ocrx_word' id='word_1_49' title='bbox 658 1410 729 1456; x_wconf 91' lang='lat' dir='ltr'>non</span> <span class='ocrx_word' id='word_1_50' title='bbox 743 1382 878 1479; x_wconf 81' lang='lat' dir='ltr'>aderat3</span> <span class='ocrx_word' id='word_1_51' title='bbox 901 1410 981 1456; x_wconf 88' lang='lat' dir='ltr'>mox</span> <span class='ocrx_word' id='word_1_52' title='bbox 995 1413 1074 1458; x_wconf 86' lang='lat' dir='ltr'>con·</span> 
     </span>
     <span class='ocr_line' id='line_1_9' title="bbox 301 1481 1074 1585; baseline 0 -28"><span class='ocrx_word' id='word_1_53' title='bbox 301 1486 489 1585; x_wconf 85' lang='lat' dir='ltr'>temptim‚</span> <span class='ocrx_word' id='word_1_54' title='bbox 507 1493 543 1559; x_wconf 91' lang='lat'>&amp;</span> <span class='ocrx_word' id='word_1_55' title='bbox 556 1482 626 1558; x_wconf 80' lang='lat' dir='ltr'>stne</span> <span class='ocrx_word' id='word_1_56' title='bbox 640 1481 859 1585; x_wconf 67' lang='lat' dir='ltr'>discrimine,</span> <span class='ocrx_word' id='word_1_57' title='bbox 879 1482 989 1557; x_wconf 81' lang='lat' dir='ltr'>done&#39;c</span> <span class='ocrx_word' id='word_1_58' title='bbox 1005 1486 1074 1561; x_wconf 82' lang='lat' dir='ltr'>Vi·</span> 
     </span>
     <span class='ocr_line' id='line_1_10' title="bbox 301 1581 1072 1687; baseline 0.003 -28"><span class='ocrx_word' id='word_1_59' title='bbox 301 1584 415 1660; x_wconf 82' lang='lat' dir='ltr'>tellius</span> <span class='ocrx_word' id='word_1_60' title='bbox 438 1583 568 1687; x_wconf 81' lang='lat' dir='ltr'>pudore</span> <span class='ocrx_word' id='word_1_61' title='bbox 594 1584 688 1660; x_wconf 89' lang='lat' dir='ltr'>inriti</span> <span class='ocrx_word' id='word_1_62' title='bbox 713 1581 852 1659; x_wconf 69' lang='lat' dir='ltr'>conatus</span> <span class='ocrx_word' id='word_1_63' title='bbox 864 1639 876 1674; x_wconf 92' lang='lat'>‚</span> <span class='ocrx_word' id='word_1_64' title='bbox 900 1612 974 1685; x_wconf 84' lang='lat' dir='ltr'>quae</span> <span class='ocrx_word' id='word_1_65' title='bbox 998 1612 1072 1661; x_wconf 91' lang='lat' dir='ltr'>non</span> 
     </span>
     <span class='ocr_line' id='line_1_11' title="bbox 300 1683 816 1775; baseline -0.002 -16"><span class='ocrx_word' id='word_1_66' title='bbox 300 1684 494 1775; x_wconf 85' lang='lat' dir='ltr'>dabantur,</span> <span class='ocrx_word' id='word_1_67' title='bbox 518 1683 657 1759; x_wconf 80' lang='lat' dir='ltr'>remisit.</span> <span class='ocrx_word' id='word_1_68' title='bbox 802 1720 816 1747; x_wconf 83' lang='lat'>·.</span> 
     </span>
    </p>

    <p class='ocr_par' dir='ltr' id='par_1_7' title="bbox 299 1778 1074 1982">
     <span class='ocr_line' id='line_1_12' title="bbox 349 1778 1071 1882; baseline 0 -23"><span class='ocrx_word' id='word_1_69' title='bbox 349 1788 442 1859; x_wconf 89' lang='lat' dir='ltr'><strong>LIX.</strong></span> <span class='ocrx_word' id='word_1_70' title='bbox 460 1788 522 1859; x_wconf 81' lang='lat' dir='ltr'>Ur</span> <span class='ocrx_word' id='word_1_71' title='bbox 539 1810 706 1858; x_wconf 84' lang='lat' dir='ltr'>terrorem</span> <span class='ocrx_word' id='word_1_72' title='bbox 719 1778 823 1856; x_wconf 84' lang='lat' dir='ltr'>Italiae</span> <span class='ocrx_word' id='word_1_73' title='bbox 838 1780 976 1882; x_wconf 79' lang='lat' dir='ltr'>possessa</span> <span class='ocrx_word' id='word_1_74' title='bbox 988 1787 1071 1859; x_wconf 87' lang='lat' dir='ltr'>Me-</span> 
     </span>
     <span class='ocr_line' id='line_1_13' title="bbox 299 1882 1074 1982; baseline -0.004 -23"><span class='ocrx_word' id='word_1_75' title='bbox 299 1886 426 1973; x_wconf 80' lang='lat' dir='ltr'>vania,</span> <span class='ocrx_word' id='word_1_76' title='bbox 451 1912 490 1957; x_wconf 87' lang='lat' dir='ltr'>ac</span> <span class='ocrx_word' id='word_1_77' title='bbox 506 1882 602 1957; x_wconf 83' lang='lat' dir='ltr'>velut</span> <span class='ocrx_word' id='word_1_78' title='bbox 616 1906 774 1973; x_wconf 84' lang='lat' dir='ltr'>renatum</span> <span class='ocrx_word' id='word_1_79' title='bbox 791 1908 831 1955; x_wconf 87' lang='lat' dir='ltr'>ex</span> <span class='ocrx_word' id='word_1_80' title='bbox 843 1882 978 1982; x_wconf 84' lang='lat' dir='ltr'>integro</span> <span class='ocrx_word' id='word_1_81' title='bbox 1000 1883 1074 1956; x_wconf 89' lang='lat' dir='ltr'>bel-</span> 
     </span>
    </p>

    <p class='ocr_par' dir='ltr' id='par_1_8' title="bbox 133 1979 1148 3687">
     <span class='ocr_line' id='line_1_14' title="bbox 133 1979 1073 2086; baseline -0.003 -26"><span class='ocrx_word' id='word_1_82' title='bbox 133 2047 137 2082; x_wconf 54' lang='lat'><em>3</em></span> <span class='ocrx_word' id='word_1_83' title='bbox 181 2078 185 2086; x_wconf 81' lang='lat'><em>.</em></span> <span class='ocrx_word' id='word_1_84' title='bbox 232 2004 236 2011; x_wconf 88' lang='grc'><strong>’</strong></span> <span class='ocrx_word' id='word_1_85' title='bbox 299 1979 402 2073; x_wconf 87' lang='lat' dir='ltr'>lum,</span> <span class='ocrx_word' id='word_1_86' title='bbox 429 1984 617 2079; x_wconf 78' lang='lat' dir='ltr'>intulerat3</span> <span class='ocrx_word' id='word_1_87' title='bbox 642 1985 691 2056; x_wconf 90' lang='lat' dir='ltr'>ita</span> <span class='ocrx_word' id='word_1_88' title='bbox 714 1980 806 2055; x_wconf 87' lang='lat' dir='ltr'>haud</span> <span class='ocrx_word' id='word_1_89' title='bbox 826 1979 971 2054; x_wconf 90' lang='lat' dir='ltr'>dubium</span> <span class='ocrx_word' id='word_1_90' title='bbox 993 2006 1073 2085; x_wconf 82' lang='lat' dir='ltr'>erga</span> 
     </span>
     <span class='ocr_line' id='line_1_15' title="bbox 299 2081 1073 2181; baseline 0 -22"><span class='ocrx_word' id='word_1_91' title='bbox 299 2081 473 2159; x_wconf 72' lang='lat' dir='ltr'>Flavianas</span> <span class='ocrx_word' id='word_1_92' title='bbox 523 2109 609 2179; x_wconf 80' lang='lat' dir='ltr'>artes</span> <span class='ocrx_word' id='word_1_93' title='bbox 633 2082 808 2172; x_wconf 91' lang='lat' dir='ltr'>studium,</span> <span class='ocrx_word' id='word_1_94' title='bbox 837 2106 908 2155; x_wconf 85' lang='lat' dir='ltr'>tam</span> <span class='ocrx_word' id='word_1_95' title='bbox 931 2082 1073 2181; x_wconf 84' lang='lat' dir='ltr'>pavidus</span> 
     </span>
     <span class='ocr_line' id='line_1_16' title="bbox 298 2183 1075 2276; baseline -0.003 -18"><span class='ocrx_word' id='word_1_96' title='bbox 298 2185 438 2258; x_wconf 80' lang='lat' dir='ltr'>Vitellii</span> <span class='ocrx_word' id='word_1_97' title='bbox 449 2186 481 2256; x_wconf 84' lang='lat' dir='ltr'>d&#39;</span> <span class='ocrx_word' id='word_1_98' title='bbox 500 2183 603 2258; x_wconf 81' lang='lat' dir='ltr'>cessus</span> <span class='ocrx_word' id='word_1_99' title='bbox 614 2184 768 2257; x_wconf 86' lang='lat' dir='ltr'>addidit:</span> <span class='ocrx_word' id='word_1_100' title='bbox 781 2187 909 2257; x_wconf 76' lang='lat' dir='ltr'>erectus</span> <span class='ocrx_word' id='word_1_101' title='bbox 921 2184 1075 2276; x_wconf 62' lang='lat' dir='ltr'>Samnis5</span> 
     </span>
     <span class='ocr_line' id='line_1_17' title="bbox 300 2281 1073 2384; baseline -0.003 -25"><span class='ocrx_word' id='word_1_102' title='bbox 300 2284 375 2359; x_wconf 83' lang='lat' dir='ltr'>Peli</span> <span class='ocrx_word' id='word_1_103' title='bbox 398 2281 556 2384; x_wconf 86' lang='lat' dir='ltr'>nusque,</span> <span class='ocrx_word' id='word_1_104' title='bbox 591 2294 627 2358; x_wconf 92' lang='lat'>&amp;</span> <span class='ocrx_word' id='word_1_105' title='bbox 662 2281 800 2371; x_wconf 86' lang='lat' dir='ltr'>Marsr,</span> <span class='ocrx_word' id='word_1_106' title='bbox 831 2281 1073 2373; x_wconf 84' lang='lat' dir='ltr'>aemulatione,</span> 
     </span>
     <span class='ocr_line' id='line_1_18' title="bbox 298 2314 1072 2488; baseline -0.001 -30"><span class='ocrx_word' id='word_1_107' title='bbox 298 2314 398 2485; x_wconf 69' lang='lat' dir='ltr'>quod</span> <span class='ocrx_word' id='word_1_108' title='bbox 410 2384 602 2488; x_wconf 76' lang='lat' dir='ltr'>Campania</span> <span class='ocrx_word' id='word_1_109' title='bbox 616 2382 851 2486; x_wconf 75' lang='lat' dir='ltr'>praevenisset,</span> <span class='ocrx_word' id='word_1_110' title='bbox 875 2408 913 2457; x_wconf 91' lang='lat' dir='ltr'>ut</span> <span class='ocrx_word' id='word_1_111' title='bbox 926 2384 962 2455; x_wconf 92' lang='lat' dir='ltr'>in</span> <span class='ocrx_word' id='word_1_112' title='bbox 978 2402 1072 2460; x_wconf 81' lang='lat' dir='ltr'>novo</span> 
     </span>
     <span class='ocr_line' id='line_1_19' title="bbox 299 2482 1072 2584; baseline 0.001 -26"><span class='ocrx_word' id='word_1_113' title='bbox 299 2483 464 2584; x_wconf 89' lang='lat' dir='ltr'>obsequio</span> <span class='ocrx_word' id='word_1_114' title='bbox 492 2488 538 2559; x_wconf 91' lang='lat' dir='ltr'>ad</span> <span class='ocrx_word' id='word_1_115' title='bbox 566 2492 687 2582; x_wconf 62' lang='lat' dir='ltr'>cuneta</span> <span class='ocrx_word' id='word_1_116' title='bbox 720 2482 803 2557; x_wconf 90' lang='lat' dir='ltr'>belli</span> <span class='ocrx_word' id='word_1_117' title='bbox 832 2484 951 2559; x_wconf 90' lang='lat' dir='ltr'>munia</span> <span class='ocrx_word' id='word_1_118' title='bbox 978 2512 1072 2559; x_wconf 80' lang='lat' dir='ltr'>acres</span> 
     </span>
     <span class='ocr_line' id='line_1_20' title="bbox 298 2582 1148 2682; baseline -0.002 -22"><span class='ocrx_word' id='word_1_119' title='bbox 298 2608 408 2661; x_wconf 84' lang='lat' dir='ltr'>erant.</span> <span class='ocrx_word' id='word_1_120' title='bbox 448 2585 516 2656; x_wconf 82' lang='lat' dir='ltr'>Sed</span> <span class='ocrx_word' id='word_1_121' title='bbox 543 2582 637 2655; x_wconf 69' lang='lat' dir='ltr'>foeda</span> <span class='ocrx_word' id='word_1_122' title='bbox 663 2584 779 2655; x_wconf 88' lang='lat' dir='ltr'>hieme</span> <span class='ocrx_word' id='word_1_123' title='bbox 805 2610 864 2682; x_wconf 88' lang='lat' dir='ltr'>per</span> <span class='ocrx_word' id='word_1_124' title='bbox 893 2584 1072 2658; x_wconf 82' lang='lat' dir='ltr'>tranfitum</span> <span class='ocrx_word' id='word_1_125' title='bbox 1145 2590 1148 2597; x_wconf 82' lang='lat'>&#39;</span> 
     </span>
     <span class='ocr_line' id='line_1_21' title="bbox 298 2681 1125 2785; baseline -0.004 -27"><span class='ocrx_word' id='word_1_126' title='bbox 298 2683 478 2785; x_wconf 84' lang='lat' dir='ltr'>Apennini</span> <span class='ocrx_word' id='word_1_127' title='bbox 507 2684 716 2756; x_wconf 72' lang='lat' dir='ltr'>conflictatus</span> <span class='ocrx_word' id='word_1_128' title='bbox 745 2681 907 2755; x_wconf 85' lang='lat' dir='ltr'>exercitus</span> <span class='ocrx_word' id='word_1_129' title='bbox 920 2708 934 2751; x_wconf 74' lang='grc' dir='ltr'>ε-</span> <span class='ocrx_word' id='word_1_130' title='bbox 955 2692 992 2757; x_wconf 92' lang='lat'>&amp;</span> <span class='ocrx_word' id='word_1_131' title='bbox 1017 2682 1074 2756; x_wconf 82' lang='lat' dir='ltr'>vix</span> <span class='ocrx_word' id='word_1_132' title='bbox 1123 2761 1125 2764; x_wconf 58' lang='grc'>,</span> 
     </span>
     <span class='ocr_line' id='line_1_22' title="bbox 299 2781 1071 2887; baseline -0.001 -28"><span class='ocrx_word' id='word_1_133' title='bbox 299 2786 419 2887; x_wconf 90' lang='lat' dir='ltr'>quieto</span> <span class='ocrx_word' id='word_1_134' title='bbox 431 2785 567 2885; x_wconf 86' lang='lat' dir='ltr'>agmine</span> <span class='ocrx_word' id='word_1_135' title='bbox 580 2784 674 2859; x_wconf 85' lang='lat' dir='ltr'>nives</span> <span class='ocrx_word' id='word_1_136' title='bbox 691 2781 939 2871; x_wconf 74' lang='lat' dir='ltr'>eluctantibus,</span> <span class='ocrx_word' id='word_1_137' title='bbox 961 2784 1071 2886; x_wconf 84' lang='lat' dir='ltr'>patuit</span> 
     </span>
     <span class='ocr_line' id='line_1_23' title="bbox 301 2880 1071 2985; baseline 0 -26"><span class='ocrx_word' id='word_1_138' title='bbox 301 2911 468 2985; x_wconf 89' lang='lat' dir='ltr'>quantum</span> <span class='ocrx_word' id='word_1_139' title='bbox 482 2882 684 2958; x_wconf 88' lang='lat' dir='ltr'>discriminis</span> <span class='ocrx_word' id='word_1_140' title='bbox 697 2881 895 2956; x_wconf 86' lang='lat' dir='ltr'>adeundum</span> <span class='ocrx_word' id='word_1_141' title='bbox 910 2880 1000 2959; x_wconf 88' lang='lat' dir='ltr'>soret</span> <span class='ocrx_word' id='word_1_142' title='bbox 1008 2892 1020 2974; x_wconf 63' lang='lat'>3</span> <span class='ocrx_word' id='word_1_143' title='bbox 1032 2885 1071 2959; x_wconf 88' lang='lat' dir='ltr'>ni</span> 
     </span>
     <span class='ocr_line' id='line_1_24' title="bbox 301 2980 1072 3083; baseline -0.005 -20"><span class='ocrx_word' id='word_1_144' title='bbox 301 2985 486 3063; x_wconf 78' lang='lat' dir='ltr'>Viteliium</span> <span class='ocrx_word' id='word_1_145' title='bbox 510 3009 601 3059; x_wconf 82' lang='lat' dir='ltr'>terto</span> <span class='ocrx_word' id='word_1_146' title='bbox 628 2980 765 3070; x_wconf 87' lang='lat' dir='ltr'>fortuna</span> <span class='ocrx_word' id='word_1_147' title='bbox 789 2981 964 3080; x_wconf 79' lang='lat' dir='ltr'>vertisset3</span> <span class='ocrx_word' id='word_1_148' title='bbox 997 3010 1072 3083; x_wconf 82' lang='lat' dir='ltr'>quae</span> 
     </span>
     <span class='ocr_line' id='line_1_25' title="bbox 301 3080 1073 3183; baseline -0.005 -22"><span class='ocrx_word' id='word_1_149' title='bbox 301 3087 465 3161; x_wconf 84' lang='lat' dir='ltr'>Flavianis</span> <span class='ocrx_word' id='word_1_150' title='bbox 476 3084 622 3157; x_wconf 80' lang='lat' dir='ltr'>ducibus</span> <span class='ocrx_word' id='word_1_151' title='bbox 629 3109 701 3154; x_wconf 89' lang='lat' dir='ltr'>non</span> <span class='ocrx_word' id='word_1_152' title='bbox 715 3080 827 3155; x_wconf 71' lang='lat' dir='ltr'>minus</span> <span class='ocrx_word' id='word_1_153' title='bbox 840 3080 943 3183; x_wconf 73' lang='lat' dir='ltr'>sape,</span> <span class='ocrx_word' id='word_1_154' title='bbox 966 3082 1073 3182; x_wconf 80' lang='lat' dir='ltr'>qudm</span> 
     </span>
     <span class='ocr_line' id='line_1_26' title="bbox 301 3179 1073 3265; baseline -0.008 -2"><span class='ocrx_word' id='word_1_155' title='bbox 301 3189 389 3264; x_wconf 81' lang='lat' dir='ltr'>tatio</span> <span class='ocrx_word' id='word_1_156' title='bbox 412 3183 532 3265; x_wconf 82' lang='lat' dir='ltr'>adsuit.</span> <span class='ocrx_word' id='word_1_157' title='bbox 565 3179 722 3257; x_wconf 88' lang='lat' dir='ltr'>Obvium</span> <span class='ocrx_word' id='word_1_158' title='bbox 738 3181 807 3253; x_wconf 82' lang='lat' dir='ltr'>illic</span> <span class='ocrx_word' id='word_1_159' title='bbox 824 3182 985 3255; x_wconf 88' lang='lat' dir='ltr'>Petilium</span> <span class='ocrx_word' id='word_1_160' title='bbox 999 3186 1073 3257; x_wconf 78' lang='lat' dir='ltr'>Ce-</span> 
     </span>
     <span class='ocr_line' id='line_1_27' title="bbox 301 3280 1074 3384; baseline -0.006 -24"><span class='ocrx_word' id='word_1_161' title='bbox 301 3287 426 3361; x_wconf 80' lang='lat' dir='ltr'>rialem</span> <span class='ocrx_word' id='word_1_162' title='bbox 442 3285 589 3359; x_wconf 80' lang='lat' dir='ltr'>habitere</span> <span class='ocrx_word' id='word_1_163' title='bbox 603 3340 616 3373; x_wconf 87' lang='lat'>‚</span> <span class='ocrx_word' id='word_1_164' title='bbox 632 3282 750 3384; x_wconf 85' lang='lat' dir='ltr'>agresti</span> <span class='ocrx_word' id='word_1_165' title='bbox 766 3280 881 3372; x_wconf 90' lang='lat' dir='ltr'>cultu,</span> <span class='ocrx_word' id='word_1_166' title='bbox 900 3292 935 3364; x_wconf 84' lang='lat'>&amp;</span> <span class='ocrx_word' id='word_1_167' title='bbox 950 3282 1074 3357; x_wconf 69' lang='lat' dir='ltr'>notitid</span> 
     </span>
     <span class='ocr_line' id='line_1_28' title="bbox 305 3382 1074 3485; baseline -0.012 -25"><span class='ocrx_word' id='word_1_168' title='bbox 305 3386 462 3460; x_wconf 90' lang='lat' dir='ltr'>locorum</span> <span class='ocrx_word' id='word_1_169' title='bbox 478 3385 640 3459; x_wconf 88' lang='lat' dir='ltr'>custodias</span> <span class='ocrx_word' id='word_1_170' title='bbox 652 3382 789 3459; x_wconf 90' lang='lat' dir='ltr'>Vitellii</span> <span class='ocrx_word' id='word_1_171' title='bbox 806 3382 966 3485; x_wconf 87' lang='lat' dir='ltr'>elapsum.</span> <span class='ocrx_word' id='word_1_172' title='bbox 986 3388 1074 3467; x_wconf 54' lang='lat' dir='ltr'>,Pro-</span> 
     </span>
     <span class='ocr_line' id='line_1_29' title="bbox 299 3479 1073 3589; baseline -0.016 -27"><span class='ocrx_word' id='word_1_173' title='bbox 299 3486 436 3589; x_wconf 69' lang='lat' dir='ltr'>,pinqua</span> <span class='ocrx_word' id='word_1_174' title='bbox 445 3486 600 3559; x_wconf 83' lang='lat' dir='ltr'>adfinitas</span> <span class='ocrx_word' id='word_1_175' title='bbox 614 3483 744 3557; x_wconf 86' lang='lat' dir='ltr'>Ceriali</span> <span class='ocrx_word' id='word_1_176' title='bbox 756 3511 836 3555; x_wconf 87' lang='lat' dir='ltr'>cum</span> <span class='ocrx_word' id='word_1_177' title='bbox 850 3479 1073 3579; x_wconf 75' lang='lat' dir='ltr'>Vespasiano,</span> 
     </span>
     <span class='ocr_line' id='line_1_30' title="bbox 305 3578 1075 3687; baseline -0.003 -28"><span class='ocrx_word' id='word_1_178' title='bbox 305 3614 374 3683; x_wconf 77' lang='lat' dir='ltr'>nec</span> <span class='ocrx_word' id='word_1_179' title='bbox 398 3581 468 3687; x_wconf 85' lang='lat' dir='ltr'>ipse</span> <span class='ocrx_word' id='word_1_180' title='bbox 490 3582 654 3685; x_wconf 81' lang='lat' dir='ltr'>inglorius</span> <span class='ocrx_word' id='word_1_181' title='bbox 674 3578 827 3680; x_wconf 79' lang='lat' dir='ltr'>militiae3</span> <span class='ocrx_word' id='word_1_182' title='bbox 855 3580 963 3678; x_wconf 74' lang='lat' dir='ltr'>eoque</span> <span class='ocrx_word' id='word_1_183' title='bbox 987 3580 1075 3657; x_wconf 85' lang='lat' dir='ltr'>inter</span> 
     </span>
    </p>

    <p class='ocr_par' dir='ltr' id='par_1_9' title="bbox 863 3684 1080 3777">
     <span class='ocr_line' id='line_1_31' title="bbox 863 3684 1080 3777; baseline -0.005 -20"><span class='ocrx_word' id='word_1_184' title='bbox 863 3684 942 3777; x_wconf 64' lang='lat' dir='ltr'>Lu</span> <span class='ocrx_word' id='word_1_185' title='bbox 1078 3698 1080 3702; x_wconf 71' lang='lat'>‘</span> 
     </span>
    </p>
   </div>
   <div class='ocr_carea' id='block_1_7' title="bbox 0 0 1404 4742">
    <p class='ocr_par' dir='ltr' id='par_1_10' title="bbox 0 0 1404 4742">
     <span class='ocr_line' id='line_1_32' title="bbox 0 0 1404 4742; baseline 0 0"><span class='ocrx_word' id='word_1_186' title='bbox 0 0 1404 4742; x_wconf 95' lang='lat' dir='ltr'> </span> 
     </span>
    </p>
   </div>
  </div>
 </body>
</html>
