2792 4742
348 626 417 716 238
460 614 1017 720 C.Conura11'l”ncrrr

347 768 471 842 maque
495 740 534 813 in
563 740 715 813 nostrum
744 734 918 831 modum,
950 734 1116 814 desidiam

212 837 244 889 A·
257 840 288 886 ⁰·
300 836 331 887 ⁰·
347 842 586 942 licentiamque
597 843 793 913 Gracorum
802 838 1005 912 retinebant.
1013 840 1116 913 Claffi

237 924 304 977 ⁸²²·
344 950 481 1046 quoque
495 940 584 1016 faces
595 940 729 1030 intulit,
741 966 846 1013 vacuo
861 941 947 1012 mati
961 940 1115 1030 eludens,

236 1013 310 1160 ’ᾆξ’
343 1040 1116 1146 quialedlissrmasliburnicarum‚omnemque

287 1131 297 1156 ⁸
343 1146 493 1220 militem
515 1144 697 1218 Mucianus
720 1144 920 1239 Byzantium
941 1142 1113 1245 adegerat.

341 1249 438 1344 Quin
451 1258 487 1322 &
500 1245 634 1320 barbari
647 1243 875 1343 contemptim
891 1244 1112 1346 vagabantur,

339 1347 510 1422 fabricatis
531 1346 669 1449 repente
691 1344 831 1418 navibus
857 1348 1031 1441 (camaras
1048 1370 1112 1419 vo·

339 1452 443 1544 cant)
472 1448 568 1522 aretis
596 1446 782 1535 lateribus,
810 1444 876 1519 lati
904 1444 1009 1537 alv0,
1039 1445 1109 1522 fine

338 1549 476 1625 vinculo
491 1550 561 1623 aeris
573 1572 630 1621 aut
642 1544 722 1621 ferri
736 1544 907 1621 connexi:
923 1558 959 1622 δι
973 1549 1110 1624 tumido

313 1650 456 1748 mari,
484 1674 585 1753 prout
609 1649 726 1724 fluetus
753 1648 947 1738 attollitur,
975 1648 1109 1727 summa

336 1752 476 1825 navium
496 1749 617 1825 tabulis
636 1774 762 1851 augent
781 1748 891 1824 donec
906 1751 943 1823 in
960 1751 1107 1827 modum

338 1855 419 1927 teeti
435 1851 643 1927 claudantur.
669 1853 724 1926 Sic
741 1852 831 1927 inter
846 1850 952 1925 undas
968 1853 1109 1927 volvun-

337 1980 416 2043 tut,
444 1957 516 2057 pati
539 1954 712 2052 utrimque
736 1951 860 2055 proti,
885 1964 921 2028 &
948 1954 1108 2032 mutabili
1145 2042 1150 2050 ἱ

335 2055 504 2155 remigio,
518 2052 656 2155 quando
667 2054 746 2126 hinc
760 2054 815 2127 vel
827 2054 922 2128 illinc
937 2056 1107 2157 appellere

333 2154 555 2240 indiscretum
571 2156 799 2231 &innoxium
817 2156 873 2231 est.

386 2257 822 2333 XLVllI.A1>vthrt'ea
845 2283 898 2329 res
910 2252 1107 2354 Vespasiani

333 2359 524 2446 animum,
556 2381 593 2427 ut
622 2354 812 2426 vexillarios
837 2382 857 2427 e
885 2353 1106 2455 legionibus,

261 2526 265 2533 .
331 2454 526 2555 ducemque
547 2453 711 2531 Virdium
731 2454 951 2543 Geminum,
977 2452 1107 2557 spedla-

332 2579 373 2629 tae
390 2557 541 2648 militiae,
556 2554 732 2656 deligeret.
747 2554 811 2631 llle
826 2554 1107 2657 incompositum,
1251 2568 1254 2601 ¹

331 2668 367 2730 &
390 2659 506 2757 praedae
530 2658 689 2757 cupidine
705 2685 860 2756 vagum,
887 2658 1018 2730 hostem
1044 2659 1108 2731 ad·
1252 2744 1253 2747 Ἴ

330 2780 452 2844 ottus,
480 2758 594 2856 coegit
614 2756 651 2828 in
670 2783 772 2829 naves
790 2786 798 2827 τ
813 2755 1007 2857 effeelisque
1030 2785 1107 2861 rap·
1247 2748 1254 2811 l

330 2854 394 2928 tim
420 2855 619 2944 liburnicis,
635 2854 829 2955 adsequitur
855 2856 1043 2931 Anicetum
1065 2864 1102 2935 in

329 2958 413 3030 ostio
427 2957 576 3031 fluminis
602 2958 758 3047 Cohibi,
779 2984 893 3034 tutum
916 2958 977 3034 sub
994 2960 1103 3034 Sedo-

328 3057 514 3133 chezorum
540 3058 628 3161 regis
648 3058 798 3151 auxilio,
827 3088 932 3162 quem
957 3062 1101 3163 pecunia

313 3156 492 3261 ‘donisque
524 3161 567 3234 ad
594 3160 791 3235 societatem
816 3161 1016 3265 perpulerat.
1046 3164 1100 3237 Ac

327 3262 439 3363 primb
478 3288 535 3340 rex
577 3264 679 3335 minis
710 3261 877 3360 armisque
910 3261 1098 3363 supplicem

326 3364 415 3438 tueri
431 3366 629 3467 :postquam
645 3388 773 3434 merces
784 3361 1019 3462 proditionis,
1039 3390 1097 3439 aut

327 3463 458 3538 bellum
476 3462 737 3551 ostendebatur,
764 3460 874 3551 fluxi,
893 3488 930 3536 ut
953 3466 999 3537 est
1017 3465 1095 3539 bar-

326 3560 415 3639 batis
423 3622 436 3656 ,
462 3564 552 3657 fide,
565 3571 679 3670 pasius
689 3564 829 3641 Aniceti
843 3564 1006 3657 exitium,
1021 3594 1095 3669 perf
